4812 6092
929 659 1152 724 ..13-

258 843 415 915 oollooad
433 842 617 926 plerunque
639 838 738 909 edan
760 857 781 905 a
803 835 945 932 dircrfis
966 833 1157 920 rumoribus
1180 835 1358 924 compositi
1377 836 1444 904 sint
1461 849 1608 924 oportet,
1628 840 1662 909 iu
1679 841 1818 910 eundem

257 989 337 1036 vcro
367 967 509 1034 classem
538 964 632 1033 relati
660 975 767 1033 utrum
789 962 888 1030 unius
911 963 1069 1048 auctoris,
1098 983 1140 1030 an
1163 961 1303 1050 plurium
1326 961 1405 1044 sint,
1428 983 1502 1028 oum
1525 964 1680 1031 dictionis
1703 967 1816 1034 discri-

261 1093 366 1175 mine,
395 1101 464 1158 tum
493 1089 694 1178 singularum
721 1056 955 1156 sententiarum
978 1088 1160 1154 differentia
1188 1086 1398 1152 statuendum
1421 1087 1491 1153 erit.
1537 1085 1605 1154 Sed
1628 1090 1760 1176 quintae
1783 1103 1818 1160 et

259 1229 374 1284 sextae
394 1213 515 1283 classis
527 1214 694 1283 doctrinae
706 1221 784 1280 suut
795 1221 862 1278 tam
874 1225 1047 1300 cognatae,
1065 1208 1169 1282 utulri
1181 1213 1264 1278 ratio
1276 1234 1343 1278 non
1355 1211 1488 1277 disertis
1505 1213 1615 1278 verbis
1633 1217 1816 1300 exponitur,

259 1338 485 1408 difficillimum
514 1339 559 1404 sit
582 1337 771 1426 diiudicata,
801 1339 834 1404 in
864 1350 968 1405 utrum
991 1337 1113 1424 singuli
1135 1337 1209 1404 libri
1231 1337 1355 1404 rectius
1378 1335 1620 1406 distribuantur.
1665 1340 1815 1424 Accedit,

256 1465 345 1551 quod
378 1463 454 1530 libri
483 1461 609 1550 aliquot
638 1473 753 1528 smtae
783 1461 903 1530 classis
932 1464 1076 1531 dictione
1105 1463 1253 1552 plurimis
1283 1463 1417 1550 quintae
1445 1462 1565 1529 classis
1595 1473 1661 1532 tam
1690 1463 1815 1531 similes

255 1599 343 1670 snt,
367 1597 404 1654 ut
425 1589 459 1654 in
482 1587 629 1673 utrisque
652 1589 791 1655 eundem
814 1600 980 1656 aucmrem
1002 1599 1060 1656 aut
1080 1587 1312 1656 aemulatorem
1335 1608 1500 1674 agnosces
1522 1589 1576 1656 vel
1600 1591 1769 1658 coniicias.

346 1743 416 1816 Sed
439 1749 630 1835 priusquam
652 1745 804 1835 singulos
827 1760 979 1817 auctrnes
1003 1751 1255 1837 distinguamus,
1278 1769 1361 1835 quas
1383 1748 1494 1835 logica
1517 1751 1643 1817 ratione
1669 1755 1713 1820 ad
1736 1755 1815 1820 artis

256 1871 414 1940 formulas
437 1873 664 1959 disposuimus
687 1873 817 1942 classes
836 1894 959 1941 uorem
981 1875 1119 1960 priores,
1143 1895 1203 1943 eac
1226 1877 1392 1963 quomodo
1410 1876 1454 1943 ad
1471 1887 1600 1964 tenpus
1619 1899 1657 1946 se
1674 1899 1814 1964 excepe-

253 2001 327 2083 rint,
352 2001 383 2066 si
406 2019 448 2066 ox
471 1999 617 2086 ipsarmn
639 2001 884 2087 comparatione
905 2001 1091 2086 indagatur,
1113 1999 1197 2068 huso
1219 1999 1290 2069 iere
1312 2003 1418 2070 series
1443 2013 1496 2071 est
1517 2005 1762 2071 constituenda:

253 2157 394 2242 Prima
424 2155 578 2244 classis.
611 2159 714 2268 (IX)
748 2159 848 2244 Bilis
879 2170 922 2243 et
948 2159 1121 2269 pituitae
1149 2159 1276 2247 fluxio
1304 2165 1546 2247 morborum
1575 2191 1715 2248 eausa.

470 2310 762 2390 Praedictorum
796 2313 890 2391 liber
907 2317 1069 2422 primus.
1100 2358 1150 2373 —
1188 2312 1332 2392 Coococ
1359 2315 1645 2394 Prucsotiones.
1671 2361 1721 2376 -
1747 2317 1814 2392 Dc

468 2453 586 2530 Locis
612 2457 655 2530 in
682 2455 861 2531 Homine.

255 2591 453 2676 Secunda
481 2591 638 2678 classis.
671 2592 753 2705 (11)
785 2593 900 2710 Ignis
927 2623 1066 2682 rerum
1093 2595 1359 2708 principium.

466 2747 533 2824 De
559 2745 695 2826 Corne.
726 2791 778 2806 -
808 2748 875 2824 De
903 2747 1037 2826 Portu
1060 2753 1297 2850 septimcstri.
1328 2791 1379 2810 —
1408 2749 1475 2828 Dc
1500 2749 1635 2829 Porto
1659 2755 1807 2828 octiutc·

463 2890 549 2962 stri.
576 2929 627 2944 -
653 2888 720 2964 Dc
744 2887 1082 2988 Supersoetotione.
1117 2932 1150 2947 -
1191 2889 1258 2967 De
1284 2889 1522 2970 Destitiose.

249 3021 391 3107 Tertia
420 3024 573 3110 classis.
606 3027 664 3135 (l)
695 3027 782 3110 Aer
808 3051 946 3112 rerum
974 3028 1237 3137 principium.

465 3179 533 3255 Dc
561 3179 752 3256 Flatibus.

251 3315 412 3414 Quarta
448 3317 602 3404 classis.
646 3317 721 3428 (V)
769 3317 871 3404 Bilis
907 3329 949 3402 et
991 3317 1141 3429 pituita
1179 3319 1366 3430 eorporis
1405 3320 1574 3406 humani
1614 3321 1807 3408 humores

527 3479 725 3561 prumam.
1825 3527 1833 3548 ,

466 3603 533 3681 De
558 3603 710 3681 Morbis
735 3603 997 3704 Popularidus
1021 3604 1117 3682 liter
1137 3607 1343 3710 primisset
1370 3609 1585 3683 tortirac-
1601 3607 1669 3686 De
1693 3606 1804 3683 Mor·

464 3746 523 3822 bis
547 3747 642 3823 liber
659 3752 820 3848 primus.
834 3791 884 3806 --
904 3745 971 3823 De
987 3745 1280 3849 Afflctiosidus.
1295 3791 1345 3806 -
1360 3749 1426 3825 De
1452 3744 1592 3824 Morbo
1617 3746 1806 3824 Sucro.-

464 3887 528 3962 Dc
554 3888 726 3965 Insania.
753 3933 797 3944 -
829 3889 895 3965 Dc
914 3887 1069 3964 Veratri
1100 3887 1192 3964 Usu.
1210 3931 1259 3944 -
1286 3888 1353 3967 De
1376 3888 1493 3967 Victo
1517 3889 1805 3964 doctorum.-

464 4026 530 4102 De
568 4026 686 4103 Victo
712 4029 885 4106 Salubri.
911 4071 962 4086 -
996 4027 1207 4104 Proenoto.
1233 4071 1284 4086 -
1310 4029 1606 4106 Praedictcrrcm
1631 4026 1726 4105 liber
1749 4053 1802 4105 se·

462 4171 614 4244 conum.
646 4213 698 4226 —
727 4167 964 4269 Apdorismi.
999 4211 1047 4223 —
1080 4168 1147 4244 De
1180 4168 1303 4254 Aire,
1348 4169 1468 4246 Locis
1508 4181 1546 4244 et
1582 4169 1718 4270 Aquis.
1753 4213 1799 4226 --

465 4308 532 4385 Dc
559 4309 776 4386 Imomniis.
803 4351 851 4366 -
878 4310 944 4386 De
972 4309 1351 4386 Hoemorrdoc‘dibus.
1378 4349 1430 4366 -
1458 4310 1524 4387 De
1552 4311 1727 4387 Fistulis.

247 4447 406 4546 Quinta
434 4445 589 4534 classis.
623 4448 729 4559 (111)
775 4449 951 4560 Spiritus
981 4460 1024 4533 et
1050 4448 1194 4562 liquor·
1212 4449 1489 4564 generationis
1518 4450 1737 4564 principia.

576 4601 643 4679 De
669 4601 828 4677 Natura
852 4600 988 4679 Pueri.

248 4741 374 4828 Sexto
401 4742 554 4831 classis.
598 4741 747 4864 (Vlll)
794 4739 1011 4830 Elementa
1041 4747 1229 4856 corporis
1257 4747 1364 4834 iuter
1392 4775 1437 4832 se
1466 4746 1685 4834 concaua.

578 4894 643 4971 De
667 4895 811 4974 Prisco
837 4895 1044 4976 Medicina.
1348 4924 1354 4934 ·
