4812 6092
1259 697 1486 763 ..ra-

671 881 793 968 ,itaque
814 885 892 944 aute
913 874 992 944 helii
1010 873 1290 961 Peloponnesiaci
1311 885 1445 964 tempus
1462 875 1657 966 priusquam
1671 873 1840 960 Diogenis
1857 875 2007 944 docum
2025 895 2153 964 pm.

591 1005 770 1090 summi)
792 1026 860 1074 nou
882 1004 986 1073 multo
1008 1015 1187 1094 postquam
1197 1001 1411 1091 Empedoclis
1432 1010 1491 1070 sut
1510 1003 1638 1090 scripta
1662 1013 1721 1070 sut
1736 1023 1797 1091 per
1820 1001 2006 1092 discipulos
2024 1003 2156 1072 decretu

591 1143 705 1200 auctor
733 1129 1010 1218 percepissetii),
1039 1129 1130 1200 hunc
1150 1129 1268 1198 lihruus
1290 1149 1369 1198 esse
1398 1129 1558 1216 scriptum
1586 1129 1750 1215 suspicor.
1788 1129 1901 1196 Dicu'o
1923 1149 2004 1198 vero
2028 1149 2069 1197 eu
2090 1139 2155 1212 est,

590 1277 675 1348 qcee
697 1277 819 1348 pmsee
841 1257 981 1325 orationi
1003 1267 1106 1325 crtem
1134 1256 1279 1346 aliquem
1302 1275 1382 1324 esse
1403 1253 1584 1324 adhibitum
1605 1253 1773 1339 ostendet,
1796 1258 1831 1325 id
1850 1255 1941 1344 quod
1962 1255 2024 1326 illa
2045 1265 2156 1324 aetate

589 1383 729 1471 primum
751 1404 772 1450 e
794 1381 958 1472 sophistis
981 1382 1104 1452 iactum
1125 1384 1343 1468 scimusiii)

679 1565 799 1632 Restat
819 1575 857 1633 ut
878 1564 996 1632 lihrum
1018 1566 1060 1631 de
1083 1565 1236 1631 θωίὂω
1258 1585 1462 1633 recenseam.
1504 1565 1591 1632 Huic
1608 1565 1712 1631 additi
1731 1576 1810 1632 sunt
1826 1565 1979 1644 deduco,
1999 1564 2157 1630 dePortrr

592 1703 626 1758 et
648 1691 690 1754 dc
706 1689 893 1754 Derritione
914 1689 1030 1773 libelli,
1053 1710 1140 1778 qrros
1163 1713 1238 1760 eum
1260 1693 1409 1760 eiusdem
1427 1693 1572 1760 auctoris
1589 1691 1866 1760 veluemnlatoris
1889 1693 1968 1773 sint,
1989 1690 2057 1758 hoc
2078 1685 2157 1757 loco

591 1819 735 1884 intactos
757 1813 948 1901 relinquam.
981 1814 1170 1884 Secundam
1192 1814 1336 1886 classem
1356 1817 1435 1886 huic
1456 1817 1540 1885 lihro
1564 1819 1640 1886 dedi
1662 1817 1852 1902 haesitans,
1881 1837 1989 1906 neque
2013 1818 2080 1884 ium
2102 1815 2155 1882 iir-

591 1941 654 2006 rnis
677 1941 877 2026 argumentis
900 1937 1015 2008 fretus.
1049 1939 1179 2008 Etenim
1201 1943 1386 2011 disserendi
1409 1943 1493 2010 rotio
1516 1943 1607 2011 rudis
1630 1945 1793 2032 quaedam
1816 1954 1850 2011 et
1867 1941 2036 2015 indefinita
2056 1953 2160 2032 atquc

442 2141 446 2146 ¹
591 2063 747 2152 loquendi
775 2085 881 2152 genus
910 2065 1133 2153 sophistarum
1161 2079 1230 2134 arte
1252 2070 1397 2135 nondmn
1420 2067 1586 2136 excultum
1607 2070 1739 2157 priscae
1770 2070 1903 2138 lonicae
1924 2067 2159 2163 physiologiae

593 2191 693 2258 aetati
711 2211 786 2258 eum
803 2191 982 2274 vindicant,
995 2213 1103 2278 neque
1114 2203 1204 2260 certa
1214 2193 1335 2260 adsunt
1347 2193 1456 2280 signa,
1469 2214 1555 2280 quae
1567 2195 1725 2263 seriorem
1737 2195 2048 2282 uetatemprohent3
2070 2215 2157 2282 quse

591 2337 671 2385 vero
694 2317 858 2384 eiusmodi
881 2337 961 2386 esse
984 2317 1145 2401 dicuutur,
1176 2319 1207 2386 si
1231 2319 1307 2408 quis
1330 2331 1388 2387 aut
1409 2321 1678 2406 interpretatione
1695 2331 1752 2387 aut
1773 2317 1933 2388 historiae
1954 2319 2030 2389 luce
2053 2317 2157 2388 collu-

592 2443 763 2525 straverit,
794 2440 961 2510 tolluntur.
1007 2441 1060 2512 De
1086 2453 1154 2512 arte
1175 2441 1347 2524 medeci)
1379 2463 1567 2512 sermonem
1595 2444 1768 2514 habiturus
1796 2454 1960 2514 auctora
1993 2446 2158 2512 communi

592 2565 614 2630 i.
639 2583 669 2632 ο.
699 2565 845 2653 generali
874 2567 1036 2652 principio
1067 2567 1132 2636 sibi
1160 2569 1383 2656 incipiendum
1412 2567 1593 2637 arbitratur.
1639 2569 1678 2638 Si
1707 2572 1749 2639 de
1772 2570 1870 2639 rebus
1893 2569 2097 2638 coelestibus
2119 2591 2159 2639 se

592 2707 661 2756 non
684 2687 749 2756 alia
778 2689 940 2758 dicturum
968 2689 1148 2777 profitetur,
1177 2705 1278 2782 atque
1307 2715 1393 2782 quae
1422 2696 1465 2763 ad
1494 2695 1673 2766 animantia
1700 2697 1896 2784 pertineant,
1919 2696 1984 2764 hoc
2019 2717 2087 2763 non
2116 2693 2161 2762 sd

595 2811 805 2900 Hippocratis
834 2815 1073 2899 rationem-i)
1109 2819 1172 2886 sed
1196 2822 1238 2887 ad
1266 2819 1541 2908 philosophorum
1570 2821 1754 2890 lonicorum
1784 2825 1826 2892 de
1853 2843 1959 2890 rerum
1987 2820 2160 2910 principiis

596 2940 780 3009 sententias
809 2951 950 3028 spectat,
980 2944 1148 3032 equibus
1183 2943 1339 3014 Heracliti
1369 2945 1551 3016 doctrinam
1580 2948 1693 3036 elegit,
1724 2970 1790 3036 qne
1817 2948 1984 3017 niteretur.
1992 2947 2074 3031 ᾗ)
2122 2945 2160 3013 in

667 3311 695 3380 ¹)
730 3309 825 3380 Supra
842 3306 1000 3380 docuimus,
1018 3309 1116 3382 primis
1133 3311 1201 3369 helii
1220 3312 1456 3384 Peloponnesiaci
1474 3312 1558 3369 suuis
1567 3309 1705 3382 Diogenis
1723 3309 1880 3366 doctricem
1894 3307 2013 3366 Athenis
2031 3311 2158 3368 ceiehrs-

741 3423 799 3472 tum
817 3423 846 3473 et
863 3416 1052 3490 vituperatum
1071 3434 1143 3474 esse.

664 3560 706 3629 i¹)
740 3559 825 3614 Stura
842 3576 870 3630 p.
888 3563 907 3615 il
924 3560 1035 3632 sucepit
1052 3560 1293 3619 ratiociustiouem
1313 3561 1452 3618 Deduciii
1468 3560 1613 3630 docentis,
1635 3578 1700 3619 cum
1709 3559 1830 3616 Thurios
1847 3558 1958 3616 eciucis
1976 3559 2163 3616 deduceretur

738 3661 798 3734 (ol.
816 3667 869 3732 8⁴l
888 3667 922 3722 Α.
940 3667 973 3723 C·
990 3669 1057 3742 444)
1074 3669 1271 3740 Empedoclem
1289 3686 1394 3726 sunum
1411 3669 1504 3741 egisse
1522 3669 1780 3740 undetrigesimum,
1798 3673 1830 3722 ut
1847 3683 1899 3738 pro
1915 3666 2074 3724 commercii
2091 3667 2164 3724 iuter
2215 3723 2219 3730 .

739 3769 865 3826 Atheuss
881 3773 927 3828 rel
937 3775 1026 3830 Coum
1038 3782 1068 3831 et
1080 3775 1207 3832 Siciliam
1225 3777 1361 3834 facilitate
1378 3793 1434 3834 uou
1451 3776 1501 3833 diu
1519 3781 1668 3848 postquem
1687 3773 1764 3828 edite
1780 3779 1871 3838 eruut,
1888 3773 2013 3828 cermins
2030 3773 2115 3830 etism
2133 3773 2164 3830 Ιι

740 3875 862 3932 Graecia
880 3877 935 3948 legi
952 3889 1075 3950 meet.
1111 3884 1212 3956 itaque
1237 3885 1338 3956 iihmm
1364 3885 1438 3940 huuc
1464 3899 1520 3940 uon
1545 3883 1633 3938 multo
1658 3888 1721 3954 port
1744 3895 1849 3936 sunum
1868 3885 1923 3937 440
1940 3881 2075 3954 scriptum
2100 3897 2163 3940 esse

740 3979 877 4052 suspicor.

646 4110 703 4179 m)
740 4107 829 4166 Primi
848 4107 922 4168 cuim
941 4112 1065 4184 Gorgise
1082 4123 1112 4174 et
1129 4117 1302 4192 Protagorae
1321 4119 1384 4176 iibri
1402 4119 1440 4176 ed
1458 4133 1562 4178 surum
1581 4117 1639 4174 leto
1656 4121 1712 4176 ⁴¹⁶⁰
1730 4115 1896 4174 Nimim·

669 4251 700 4320 ἡ)
733 4248 832 4307 Verbs
849 4257 916 4308 suut
933 4253 1019 4312 irsecr
1039 4239 1228 4330 βουλόμενον
1247 4249 1410 4325 ξυνθεῖναι
1437 4239 1493 4313 r'or
1513 4240 1604 4333 ioyhr
1625 4239 1715 4312 stiriis
1740 4245 1811 4332 tropi
1836 4247 1891 4332 τῆς
1909 4238 2018 4333 τὲχνης
2037 4247 2092 4333 τῆς
2112 4253 2163 4316 lo·

741 4359 854 4446 sprer'pc.
896 4364 1048 4434 breutem
1066 4383 1134 4423 vero
1150 4367 1245 4423 mirari
1264 4365 1350 4432 subit,
1367 4381 1453 4438 quam
1472 4381 1536 4422 rare
1553 4365 1713 4424 morborum
1732 4363 1836 4422 mentio
1853 4365 1918 4432 dat,
1937 4373 1968 4422 ut
1985 4367 2109 4434 dubites,
2125 4383 2163 4425 eu

740 4477 868 4534 medicus
886 4477 988 4532 iihruur
1006 4473 1203 4543 composuerit.

656 4599 703 4672 ff)
740 4599 841 4670 Prisci,
859 4602 896 4658 ad
914 4615 986 4673 quos
1003 4603 1144 4670 provocet.
1163 4583 1210 4661 (ol
1229 4579 1374 4661 παλαιοί)
1392 4605 1473 4665 sunt,
1490 4600 1599 4672 opinor,
1618 4606 1722 4670 poetae
1746 4595 1896 4668 theologici
1920 4604 1949 4653 et
1967 4598 2084 4670 Orphici
2094 4641 2102 4666 ,
2126 4601 2163 4658 de

736 4705 839 4779 quihus
856 4707 988 4766 eousuiss
1005 4705 1038 4762 G·
1056 4706 1090 4761 Δ.
1110 4704 1233 4762 aaron
1249 4705 1353 4762 occu.
1370 4707 1421 4762 der
1438 4705 1653 4764 (inicum-iiim.
1671 4703 1853 4778 Philosophle
1870 4719 1898 4776 p.
1914 4709 1960 4760 61.

633 4857 701 4932 †††)
736 4853 890 4912 Doctriuse
901 4869 966 4942 rere
975 4868 1122 4920 summam,
1139 4853 1259 4911 ociorem
1277 4869 1369 4910 mrum
1381 4853 1551 4926 principium
1561 4867 1635 4919 esse,
1647 4851 1780 4923 exprimit
1795 4849 1890 4908 verme
1900 4849 1958 4906 iere
1967 4850 2165 4923 Xenophsuis

738 4979 878 5048 Quicum
896 4979 1032 5037 dixisset:
1058 4945 1160 5038 oliae
1180 4958 1239 5050 ὁρᾷ
1256 4949 1351 5040 odi-oc
1369 4957 1404 5031 δι’
1425 4963 1452 5030 τ’
1473 4955 1580 5030 ἀκούοι
1604 4973 1674 5050 (rid.
1693 4973 1791 5032 Simou
1812 4975 1942 5034 Karsten
1966 4975 2099 5048 Xeuoplr.
2114 4975 2164 5037 Pr.
