4812 6092
876 731 1181 792 -ἩΙ-

253 919 306 1002 Α.
337 916 391 1001 Ε.
424 912 640 998 Horum
671 905 889 992 Primislai
919 905 1143 992 Ottocsris
1178 905 1418 996 Bobemiae
1449 907 1566 1022 regis
1595 905 1737 994 Vitam
1768 923 1813 992 et

421 1075 512 1162 Res
541 1087 690 1190 gestas
719 1071 916 1158 narravit.

256 1289 314 1374 H.
346 1287 401 1371 Α.
433 1285 733 1383 Ruinam,
763 1284 983 1397 quomodo
1010 1282 1178 1372 Caesar
1204 1285 1468 1370 Octavianus
1499 1281 1665 1372 Romae
1695 1288 1810 1400 prin·

420 1451 610 1563 cipatum
644 1450 931 1552 constituerit,
962 1451 1262 1535 demonstrare
1293 1463 1474 1534 conatus
1504 1464 1585 1534 est.

256 1663 300 1750 J.
346 1663 394 1749 S.
439 1663 694 1762 Lanaeus,
738 1661 922 1747 Masurii
964 1660 1115 1746 Sabini
1157 1659 1240 1744 loti
1282 1659 1426 1743 Vitam
1479 1679 1524 1745 et
1558 1659 1812 1746 Doctrinam

423 1857 478 1914 ex
527 1827 634 1940 ipsis
670 1827 936 1943 antiquitatis
976 1825 1265 1910 monumentis
1303 1824 1587 1910 adumbravit.

254 2039 313 2130 Η.
359 2042 561 2127 Lunona
606 2037 729 2126 Pauli
770 2042 825 2124 ad
870 2039 1170 2124 Philemonem
1215 2033 1441 2150 epistolam
1486 2033 1701 2122 illustrare
1747 2056 1813 2122 est

421 2221 614 2290 conatus.

256 2395 313 2480 H.
347 2396 406 2481 H.
439 2398 492 2483 C.
527 2399 803 2506 Liinnusnu
834 2399 905 2482 De
935 2395 1048 2493 libri,
1078 2394 1153 2507 qui
1182 2381 1309 2524 Ἷῑξῗζῖ]
1323 2397 1417 2484 Ἷῠῠ
1456 2399 1684 2512 inscriptus
1723 2397 1809 2482 los.

425 2563 486 2664 X,
527 2565 579 2648 13
615 2579 660 2650 et
703 2564 878 2648 sssum.
918 2561 957 2662 1,
995 2559 1050 2646 la
1078 2559 1258 2675 legitur,
1294 2579 1550 2678 argumento
1587 2579 1633 2649 et
1670 2577 1810 2648 aetate

257 2744 260 2754 “
419 2727 638 2813 disseruit.

256 2921 313 3004 G.
348 2920 546 3007 Nnvrnn
589 2922 659 3008 De
681 2921 862 3042 ¹Dioclis
893 2922 1081 3040 Carystii
1112 2922 1268 3008 Aetate
1298 2939 1344 3009 et
1373 2923 1584 3008 Doctrina
1613 2925 1812 3034 exposuit

424 3101 469 3169 et
497 3088 753 3200 scriptorum
786 3087 1029 3204 fragmenta
1055 3089 1247 3205 collegit.

255 3291 345 3378 Tu.
376 3291 428 3378 Τ.
462 3293 648 3380 Rrrrna
679 3294 847 3410 Stirpes
879 3295 1228 3412 Phanerogamas
1256 3301 1299 3384 in
1335 3299 1491 3384 vicinia
1528 3299 1644 3384 urbis
1677 3296 1810 3383 Ham·

425 3460 552 3576 burgi
599 3475 753 3575 sponte
797 3477 1045 3550 crescentes
1090 3464 1330 3564 secundum
1380 3481 1570 3578 systema
1615 3463 1809 3548 naturale

423 3624 757 3714 Candolliauum
784 3626 1004 3741 disposuit
1031 3629 1176 3741 deque
1207 3657 1286 3712 usu
1317 3659 1463 3719 earum
1495 3629 1744 3742 disputarit.

234 3825 312 3911 H.
362 3829 409 3912 F.
450 3833 673 3920 Sonulnn·
702 3835 773 3921 De
813 3835 965 3923 Rebus
1011 3837 1213 3950 exposuit
1267 3837 1536 3954 Francogalli
1582 3837 1806 3922 clarissimi

424 3999 620 4086 Matbieu
642 4001 779 4103 Male,
810 4003 971 4091 strenui
997 4001 1142 4116 legum
1166 4003 1360 4104 vindicis,
1389 4005 1462 4116 qui
1493 4003 1711 4114 saeviente
1747 3999 1808 4083 la·

421 4167 564 4254 ctione
595 4198 709 4258 saec.
726 4167 863 4254 XVII
883 4168 1030 4253 medio
1057 4167 1333 4251 Parlamento
1342 4167 1575 4252 Parisiensi
1596 4180 1807 4278 praeerat.

255 4357 315 4446 H.
349 4359 444 4446 Gn.
476 4361 619 4447 Snnn
648 4360 719 4448 De
742 4361 1058 4448 controversiis
1085 4361 1369 4447 Paschalibus
1398 4361 1525 4475 primi
1553 4375 1598 4446 et
1626 4362 1807 4446 secundi

421 4527 583 4614 saeculi
638 4528 751 4612 iuter
810 4527 1061 4614 orientalem
1116 4541 1162 4612 et
1213 4525 1529 4615 occidentalem
1578 4525 1805 4613 ecclesiam

254 4697 260 4706 '
416 4691 601 4804 scripsit.
621 4740 678 4754 -
699 4691 825 4779 ldem
847 4692 1010 4780 Christi
1039 4692 1300 4806 colloquium
1332 4723 1431 4779 cum
1461 4690 1804 4778 muliereSama·

417 4858 556 4943 ritana
586 4858 700 4968 (loir.
734 4857 817 4958 lv,
849 4861 1014 4970 l-ao)
1045 4859 1281 4946 illustravit.
