4812 6092
605 807 2166 902 ntmtaetaonpmnembsatninretiqonsniodtrcuyrffiuettmqutpmes

607 943 702 1010 mnis
723 935 1047 1028 postliippocratem
1069 936 1186 1023 viguit,
1210 936 1245 1002 iu
1266 933 1415 1024 reliquiis
1444 937 1587 1024 donique
1609 934 1793 1022 Herophili,
1815 936 2016 1021 Erasmmati,
2039 959 2167 1007 eoruro·

607 1088 672 1157 que
694 1065 751 1153 qui
773 1065 917 1151 ingressi
938 1072 1018 1134 aunt
1037 1061 1203 1148 ratigiis.
1237 1059 1574 1130 Animadvertendum
1594 1081 1676 1128 vero
1698 1073 1763 1144 est,
1782 1063 1944 1130 eiusnodi
1966 1066 2168 1150 argumentis

605 1194 809 1281 superiorem
837 1190 937 1258 modo
964 1187 1120 1256 librorum
1149 1175 1290 1256 aetatem
1317 1186 1467 1275 probari,
1502 1207 1570 1254 non
1599 1185 1812 1274 Hippocratis
1840 1190 2079 1271 auctoritatem,
2101 1193 2167 1256 n'mi

605 1319 713 1407 ipsius
734 1335 856 1384 nomen
879 1315 1003 1382 diserte
1024 1313 1070 1380 sit
1091 1311 1248 1380 additum.

694 1519 748 1586 Ad
770 1513 920 1584 ultimum
948 1515 1090 1602 deniqne
1117 1523 1379 1600 argumentorum
1410 1533 1517 1600 genus
1546 1517 1765 1602 pervenimus.
1810 1515 1856 1582 Ut
1884 1517 2039 1584 librorum
2068 1519 2168 1606 inpri-

605 1647 668 1714 mis
702 1643 921 1727 antiquiorum
953 1651 1080 1708 aetates
1115 1659 1377 1726 cognoscamus,
1412 1661 1486 1707 cnm
1519 1660 1625 1706 rerum
1658 1652 1824 1726 gestarum
1857 1643 1892 1708 in
1926 1641 1969 1707 iis
2001 1663 2168 1730 nunquam

605 1771 727 1838 mentio
755 1766 824 1848 fiat,
859 1785 967 1852 neque
995 1763 1097 1838 molto
1126 1763 1328 1852 frequentior
1362 1767 1407 1832 sit
1441 1766 1636 1854 scriptorum
1664 1769 1866 1838 medicorum
1893 1769 2051 1834 memoria
2080 1769 2165 1856 apud

607 1914 711 1964 rerum
728 1892 920 1978 scriptores,
943 1891 1091 1978 inprimis
1108 1889 1300 1978 philosophi
1317 1902 1396 1960 sunt
1413 1889 1623 1974 consulendi,
1648 1912 1785 1978 quorum
1803 1891 1969 1962 doctrinas
1987 1903 2022 1958 et
2036 1904 2159 1960 aetates

607 2020 758 2106 cognitas
788 2016 959 2084 habemus.
1003 2015 1133 2084 Etenim
1163 2039 1237 2084 enm
1265 2017 1503 2104 antiquissimis
1532 2017 1734 2104 temporibus
1756 2029 1885 2103 praeter
1907 2017 2084 2084 historicos
2110 2021 2158 2086 in·

606 2144 720 2232 primis
743 2140 935 2232 philosophi
957 2140 1059 2207 libros
1083 2142 1253 2224 ediderint,
1276 2162 1336 2227 pro
1365 2163 1478 2208 eorum
1506 2142 1695 2209 celebritate
1724 2154 1758 2208 et
1787 2144 1982 2210 auctoritate
2004 2142 2076 2210 lieri
2100 2163 2164 2214 non

607 2270 725 2356 potuit,
749 2266 827 2354 quin
851 2287 893 2332 ex
916 2285 1029 2332 eorum
1050 2265 1209 2332 doctrinis
1232 2267 1266 2331 in
1288 2265 1483 2336 medicinam
1506 2277 1575 2334 tum
1594 2265 1826 2355 philosophiae
1845 2279 1912 2334 tam
1933 2267 2068 2336 affinem
2086 2290 2167 2336 uon·

606 2392 690 2460 nihil
723 2389 962 2461 transferretur.
1018 2389 1110 2457 llaec
1142 2389 1389 2478 argumentandi
1422 2391 1525 2474 ratio,
1561 2412 1582 2458 a
1611 2393 1835 2480 superioribus
1872 2395 1995 2462 criticis
2026 2397 2167 2462 minirue

606 2518 771 2605 neglecta,
793 2516 894 2584 hodie
917 2517 1040 2583 maiora
1069 2517 1241 2582 commoda
1263 2513 1432 2601 promittit,
1464 2516 1540 2601 quia
1562 2513 1772 2601 plurimomm
1794 2517 2068 2605 philosophomm
2090 2519 2166 2584 reli·

608 2642 717 2728 quiae,
740 2643 774 2708 in
799 2641 888 2708 omni
905 2640 1099 2728 scriptomm
1121 2659 1241 2726 genere
1259 2639 1441 2728 dispersae,
1463 2663 1551 2708 nunc
1575 2641 1735 2710 collectae
1758 2654 1792 2709 et
1814 2644 1999 2729 dispositae
2022 2655 2165 2724 exstant,

608 2768 698 2854 quod
719 2765 921 2848 Democrito,
951 2785 1047 2852 quem
1076 2765 1287 2852 Hippocratis
1315 2779 1561 2853 praeceptorem
1595 2779 1797 2854 nuncupant,
1826 2771 1971 2836 nondum
1999 2769 2164 2839 evenisse.

609 2891 706 2959 valde
730 2892 838 2958 doleo.

610 3105 613 3112 ⁴
695 3074 875 3160 Reputanti
897 3095 1036 3156 mecmn,
1059 3083 1165 3140 utrum
1188 3074 1321 3140 inventa
1349 3093 1422 3138 moa
1451 3076 1566 3141 eadem
1595 3077 1721 3142 ratione
1750 3089 1783 3142 et
1813 3079 1867 3142 via
1890 3075 2078 3162 proferrem,
2102 3096 2164 3160 qua

608 3201 823 3280 invenissem,
854 3221 895 3266 an
926 3197 1077 3284 singulos
1106 3199 1208 3266 libros
1239 3201 1281 3266 ad
1317 3203 1587 3270 consecutionem
1619 3213 1799 3288 temporum
1836 3213 2016 3284 tractarem,
2047 3202 2165 3288 quihus

608 3325 844 3392 adscribendos
867 3324 1047 3406 duxissem,
1069 3322 1125 3390 hic
1147 3335 1289 3394 aetatum
1308 3325 1633 3412 ordoprael'erendns·
1651 3327 1833 3408 videbatur,
1857 3329 1934 3412 quia
1957 3339 1990 3392 et
2013 3328 2165 3394 brevitati

607 3463 642 3516 et
669 3449 897 3537 perspicuitati
925 3449 1064 3515 maxime
1086 3450 1232 3516 inservit
1285 3451 1354 3517 Sed
1383 3474 1425 3518 ne
1455 3465 1529 3518 acta
1552 3473 1692 3536 agerem,
1722 3473 1807 3517 neve
1837 3474 1922 3537 quae
1953 3473 2030 3518 vera
2061 3453 2164 3518 critici

608 3587 706 3645 antea
729 3585 898 3655 eruerunt,
927 3573 1086 3640 immerito
1116 3595 1269 3660 spernere
1297 3577 1437 3657 viderer,
1467 3598 1486 3643 a
1516 3577 1627 3643 hinkii
1657 3577 1793 3662 repertis
1823 3579 1943 3663 iisque,
1974 3579 2014 3644 de
2045 3575 2165 3662 quibus

608 3702 709 3767 ceteri
734 3709 969 3778 convenerunt,
992 3702 1206 3765 retractandis
1228 3699 1398 3785 proiectus
1422 3722 1504 3766 sum.
1552 3701 1643 3766 Haec
1666 3701 1849 3766 disserendi
1872 3703 1954 3770 ratio
1978 3703 2010 3768 id
2035 3723 2166 3790 quoque

608 3825 772 3893 commodi
796 3823 941 3909 praebet,
970 3833 1006 3889 ut
1035 3823 1081 3888 ita
1103 3825 1205 3890 totius
1235 3825 1476 3910 disquisitionis
1507 3847 1665 3891 summam
1695 3826 1899 3912 praemittere
1932 3826 2040 3892 liceat.
2088 3826 2164 3912 Quo

608 3950 697 4016 lacto
727 3950 757 4016 si
792 3949 866 4036 quis
897 3967 1030 4038 operam
1057 3969 1177 4014 navare
1208 3951 1379 4016 constituit
1414 3952 1520 4017 eidem
1550 3951 1749 4038 quaestioni,
1786 3973 1837 4016 me
1874 3951 2005 4022 facilius
2034 3975 2165 4019 monere

607 4076 730 4161 poterit
747 4075 789 4140 de
807 4075 981 4158 erroribus,
1005 4075 1038 4139 in
1057 4094 1142 4161 quos
1160 4072 1244 4140 forte
1262 4074 1440 4158 inciderim,
1459 4087 1494 4141 ut
1512 4097 1572 4140 eos
1597 4074 1719 4160 fugiam
1730 4073 1785 4141 vel
1797 4079 1966 4162 corrigam,
1986 4077 2016 4142 si
2034 4078 2164 4164 quando

609 4201 706 4286 copia
729 4197 807 4264 mihi
843 4199 941 4267 suerit
968 4197 1056 4267 sacta
1086 4201 1126 4266 de
1157 4199 1298 4285 singulis
1327 4201 1418 4266 libris
1449 4201 1638 4286 diligentius
1662 4199 1792 4284 agendi.
1839 4201 1911 4268 lloc
1939 4203 2037 4268 modo
2068 4201 2164 4276 simul

610 4324 754 4390 omnium
788 4346 923 4412 operum
945 4325 1249 4412 difficultatemque,
1284 4325 1403 4410 quibus
1432 4324 1590 4406 laborant,
1621 4323 1736 4390 notitia
1759 4327 1912 4412 aperitur,
1942 4349 2039 4414 quam
2061 4325 2165 4390 lecto·

609 4448 699 4514 ribus
729 4446 771 4512 ob
800 4461 941 4516 mentem
969 4453 1092 4516 versari
1123 4461 1263 4536 oportet,
1299 4471 1372 4516 cum
1402 4451 1435 4520 in
1471 4450 1613 4535 singulis
1643 4453 1819 4520 tractandis
1856 4453 1897 4524 ab
1926 4453 2164 4538 antiquioribus

609 4594 710 4659 saepe
734 4574 776 4640 ad
798 4574 935 4656 iuniore,
959 4593 979 4639 a
1002 4574 1183 4640 imrioribus
1206 4575 1248 4641 ad
1271 4575 1456 4662 antiquiora
1479 4576 1522 4638 sit
1545 4576 1794 4661 respiciendum.

697 4753 792 4822 Duas
816 4753 916 4839 igitur
938 4755 1135 4821 constituam
1157 4767 1281 4841 partes,
1316 4776 1450 4841 quarum
1473 4756 1562 4842 prior
1585 4757 1838 4843 dispositionem
1861 4757 2004 4824 omnium
2028 4779 2163 4843 operum

610 4877 786 4960 exhibebit,
821 4899 906 4965 quae
940 4879 1150 4964 Hippocratis
1184 4901 1303 4947 nomen
1337 4892 1471 4966 gerunt,
1505 4884 1783 4955 accommodatam
1817 4885 1859 4950 ad
1882 4894 2020 4964 aetates,
2045 4883 2164 4970 quibus
