4812 6092
1270 621 1489 685 ..η-

718 795 906 905 Septima
946 793 1102 880 elasam
1160 791 1284 898 Bilis,
1327 825 1456 910 aqua,
1497 797 1646 908 pituita
1686 809 1730 882 at
1767 794 1934 912 sanguis
1973 799 2171 909 corporis

1099 949 1270 1037 hnmani
1295 951 1489 1037 humores
1517 949 1714 1060 primarii.

816 1103 883 1180 De
910 1099 1062 1180 Morbis
1087 1106 1180 1181 liber
1205 1119 1374 1207 quartus.
1403 1147 1451 1162 -
1477 1103 1544 1181 De
1572 1101 1770 1180 Grnituru.
1799 1143 1849 1164 --
1874 1103 1940 1182 Dr
1965 1105 2164 1182 Remum

817 1243 1104 1347 Purgantibus.

713 1383 877 1469 Octava
904 1384 1058 1470 classis.
1118 1385 1336 1472 Elementa
1355 1385 1542 1498 eorporis
1563 1384 1670 1470 inter
1688 1412 1732 1472 se
1751 1383 1959 1470 contrariu
1984 1413 2159 1473 numero

1101 1537 1326 1624 indefinita.

816 1692 937 1770 Liber
961 1693 1007 1770 ds
1032 1689 1174 1769 Priscu
1200 1691 1410 1768 Medicina.

598 1831 775 1919 Tertius
819 1836 951 1934 ordo,
992 1833 1222 1932 librorum,
1272 1835 1344 1946 qui
1387 1835 1442 1918 ab
1484 1832 1737 1918 humoribus
1776 1835 1988 1920 morbosis
2027 1836 2145 1948 proli·

820 1987 1054 2072 oiseuntur.

710 2137 839 2224 Nona
867 2139 1022 2226 classis.
1082 2137 1184 2224 Bilis
1213 2148 1255 2222 et
1282 2138 1454 2248 pituitae
1482 2135 1610 2224 fluxio
1640 2141 1881 2224 morborum
1910 2169 2052 2228 causa.

815 2289 1111 2370 Praedietorum
1136 2293 1231 2369 iiber
1258 2291 1297 2367 I.
1316 2329 1366 2347 -·
1385 2289 1530 2369 Concae
1556 2289 1845 2371 Prueuotiours.
1871 2335 1921 2352 -
1948 2293 2014 2392 De
2041 2295 2157 2374 Locis

812 2437 854 2509 iu
880 2435 1058 2512 Homine.

603 2568 794 2670 Quartus
823 2575 933 2658 ordo
963 2575 1168 2660 librorum
1198 2574 1554 2688 chirurgicorum.

711 2722 892 2808 Decima
920 2709 1075 2812 classis.

812 2877 879 2954 De
923 2879 1093 2984 Offioinu
1131 2880 1289 2958 Medici.
1329 2923 1377 2938 -
1421 2880 1487 2956 De
1527 2877 1679 2980 Cupitis
1721 2878 1958 2956 Vulneribus.
1998 2925 2050 2940 ·-
2087 2884 2153 2960 De

817 3021 1030 3100 Fracturis.
1056 3067 1108 3082 -
1134 3023 1200 3101 De
1217 3021 1419 3099 Articulis.
1445 3066 1497 3082 —
1528 3021 1754 3100 Vectiorius.
1779 3063 1829 3080 --
1855 3021 1922 3098 De
1948 3023 2088 3102 Foetus
2113 3029 2151 3100 iu

820 3159 935 3238 Uirro
966 3177 1134 3240 mortuae
1171 3167 1388 3241 exsecutum.
1441 3169 1536 3262 (περὶ
1572 3172 1799 3258 ἕγκατατομῆς
1823 3169 2003 3262 ἐμβρὺου).

599 3303 786 3404 Quintus
816 3311 941 3412 ordo,
969 3312 1191 3414 librorum,
1219 3316 1294 3427 qui
1323 3327 1486 3399 certam
1515 3313 1618 3397 artis
1649 3311 1874 3397 formulam
1906 3313 1971 3398 vel
1992 3318 2150 3403 doctri·

818 3489 899 3546 nne
927 3467 1137 3551 rationem
1168 3495 1253 3555 non
1282 3467 1485 3580 produnt.

708 3609 949 3700 Undecima
976 3615 1130 3704 classis.

813 3765 1096 3847 Iusiurandum.
1125 3814 1178 3828 —
1207 3773 1307 3849 Leo.
1333 3811 1383 3826 -
1409 3769 1475 3848 De
1500 3770 1612 3845 Arte.
1643 3811 1694 3823 -
1726 3769 1793 3848 De
1819 3769 1986 3850 Medico.
2010 3817 2061 3832 —
2086 3777 2151 3853 De

814 3906 982 3987 Duae
1008 3912 1176 3989 Habitu.
1208 3957 1260 3970 -
1292 3912 1596 4012 Praeceptioues.
1622 3953 1672 3968 -
1701 3911 1840 3990 Oratio
1864 3915 1917 3992 ud
1940 3915 2077 3993 Arum.
2104 3959 2151 3974 -

816 4051 991 4132 Thessali
1015 4055 1136 4157 legati
1163 4053 1314 4130 Oratio.
1341 4096 1391 4111 -
1418 4051 1626 4152 Epistolor.

687 4244 782 4333 Quae
813 4245 962 4342 classes·
990 4248 1019 4312 si
1047 4249 1134 4318 inter
1162 4271 1201 4314 se
1225 4247 1444 4331 conferuntur,
1479 4249 1653 4314 tenendum
1688 4257 1740 4314 est
1771 4248 1893 4333 primo,
1928 4248 2086 4314 decimam
2119 4259 2152 4313 et

594 4371 800 4440 undecimam
830 4394 850 4439 a
880 4375 999 4438 ceteris
1034 4375 1192 4461 separari,
1223 4383 1340 4459 atque,
1383 4391 1456 4437 oum
1495 4392 1561 4437 nou
1594 4384 1714 4438 certam
1744 4374 1785 4438 tle
1813 4371 1998 4439 morborum
2027 4375 2152 4460 origine

595 4497 766 4564 doctrinae
790 4499 949 4566 rationem
971 4482 1128 4585 produnt,
1158 4495 1259 4564 libros
1288 4497 1496 4585 potissimum
1520 4497 1715 4564 testimoniis
1745 4509 1778 4564 et
1799 4498 1953 4586 loquendi
1977 4500 2151 4584 generibus

594 4623 736 4712 aliisque
768 4626 874 4710 signis
900 4623 1037 4712 cogrritu
1060 4611 1299 4692 difficilioribus
1323 4621 1481 4706 distingui
1505 4634 1538 4686 et
1561 4623 1603 4688 ad
1626 4635 1749 4690 certum
1772 4635 1900 4709 tempus
1922 4621 2032 4690 referri
2056 4646 2150 4712 opor·

595 4741 673 4835 teri,
698 4751 817 4818 deinde
840 4750 909 4818 lieri
931 4768 1047 4839 posse,
1064 4729 1107 4816 iu
1128 4749 1163 4816 iu
1185 4763 1323 4838 utraque
1344 4749 1418 4816 libri
1441 4749 1641 4834 reperiuntur
1663 4748 1704 4815 nb
1728 4749 1844 4815 iisdem
1867 4747 1991 4834 scripti,
2015 4771 2150 4837 quorum

595 4875 651 4942 alii
680 4877 753 4944 libri
782 4879 818 4944 in
847 4875 912 4944 alin
942 4877 1052 4945 classe
1081 4887 1221 4942 exstent.
1263 4876 1459 4962 Ceteroquin
1488 4873 1561 4942 libri
1590 4875 1722 4961 uiridem
1751 4875 1784 4940 in
1815 4873 1955 4940 diversis
1984 4870 2148 4940 classibus
