4812 6092
920 753 1174 812 -v-

257 961 416 1050 pompa
443 930 641 1028 solemni,
670 955 782 1042 quae
805 928 1075 1014 vemssimum
1096 943 1143 1013 et
1161 927 1459 1043 gravissimum
1474 929 1563 1012 'luit
1582 931 1818 1016 documen·

257 1117 365 1202 tum,
394 1125 481 1212 quo
510 1095 654 1180 animo
683 1095 777 1182 eius
807 1095 1056 1181 memoriam
1076 1095 1221 1182 colant
1240 1123 1407 1178 omnes.
1445 1093 1576 1178 Nullo
1595 1111 1819 1198 evocante,

260 1265 393 1352 nihilo
422 1263 625 1378 pactione¹
654 1260 811 1375 aliqua
825 1262 1074 1361 constituto,
1103 1264 1181 1348 sed
1199 1261 1475 1374 ‚suasponte
1504 1263 1560 1346 ad
1589 1264 1820 1375 exsequias

259 1429 604 1516 cohonestandas
643 1433 934 1514 convenerant
969 1455 1024 1512 ex
1055 1425 1295 1540 Gymnasio
1338 1444 1385 1515 et
1428 1444 1608 1542 utroque
1637 1429 1819 1514 loannei

261 1594 415 1680 schola
450 1593 669 1708 collegae,
710 1591 914 1705 discipuli
950 1608 996 1678 et
1023 1593 1097 1705 qui
1135 1591 1286 1676 ultimo
1315 1609 1512 1708 tempore
1546 1610 1593 1682 et
1619 1597 1693 1710 qui
1722 1609 1821 1708 ante

260 1759 417 1846 multos
446 1786 581 1844 annos
609 1755 803 1857 suerunt,
844 1757 962 1842 verbi
992 1758 1126 1842 divini
1159 1758 1353 1872 magistri
1382 1775 1428 1844 et
1457 1761 1566 1846 Rev.
1589 1761 1821 1845 Ministerii

146 2017 148 2024 .
260 1925 499 2024 candidati,
548 1922 842 2008 iurisconsulti
871 1939 917 2008 et
944 1923 1121 2022 medici,
1170 1923 1288 2007 docti
1318 1925 1498 2026 indocti,
1547 1926 1822 2039 magistratus

263 2093 402 2194 cives.¹
458 2087 522 2174 Ut
550 2090 801 2175 memoriam
832 2089 947 2175 beati
977 2088 1173 2204 collegae
1203 2088 1459 2189 celebraret,
1489 2091 1544 2174 ad
1575 2087 1822 2202 sepulcrum

264 2253 394 2338 verba
432 2255 576 2339 lacere
619 2253 812 2340 voluerat
840 2255 1070 2368 Gymnasii
1099 2271 1262 2356 rector,
1291 2283 1420 2370 quem
1460 2281 1560 2338 cum
1590 2255 1823 2338 subitarias

265 2421 441 2504 morbus
499 2419 810 2532 prohibuisset,
855 2434 1080 2536 postquam
1141 2421 1321 2508 loannei
1380 2419 1586 2506 Dis-ector
1638 2417 1693 2502 C.
1736 2415 1822 2502 Fn.

271 2583 459 2682 Kassa,
501 2583 570 2666 Ss.
601 2581 685 2666 Th.
717 2581 798 2668 Dr.
831 2584 993 2671 diserte
1023 2587 1355 2690 collaudaverat,
1393 2587 1498 2700 quid
1541 2585 1712 2698 collega
1741 2583 1827 2666 vita

267 2747 522 2862 perfunctus
550 2749 596 2832 in
626 2749 814 2834 docendi
846 2779 1025 2836 munere
1055 2754 1318 2865 praestiterit
1345 2767 1390 2840 et
1417 2751 1601 2867 collegis
1631 2765 1677 2836 et
1694 2749 1824 2835 disci-

269 2915 404 3028 pulis,
434 2914 573 3029 qualis
601 2913 733 3000 fuerit
761 2930 905 3027 pater,
948 2917 1086 3030 qualis
1115 2920 1294 3022 amicus,
1324 2936 1414 3004 tum
1445 2919 1621 3004 minime
1651 2934 1824 3032 paratus

267 3083 322 3194 ad
352 3081 589 3164 dicendum
619 3082 783 3193 prodiit
813 3081 941 3166 Orno
971 3081 1199 3186 Kauana,
1227 3088 1446 3198 quondam
1477 3084 1729 3198 discipulus,
1762 3082 1824 3167 ul·

269 3245 384 3328 timis
413 3243 535 3327 annis
564 3244 748 3360 collega,
780 3261 909 3359 atque
939 3277 994 3332 ex
1016 3264 1213 3361 tempore
1230 3251 1416 3336 facunde
1447 3249 1730 3349 adumbravit,
1764 3247 1823 3332 uti

268 3427 358 3494 tota
387 3411 546 3524 agendi
578 3411 686 3494 ratio
715 3411 923 3526 singulari
953 3415 1140 3525 quadam
1162 3419 1320 3502 amoris
1341 3420 1378 3502 vi
1401 3433 1447 3504 et
1468 3418 1630 3530 pietate
1652 3417 1827 3527 perlusa

268 3593 397 3689 atque
428 3591 668 3688 temperata
696 3577 840 3662 luerit.
892 3575 1014 3664 Nihil
1043 3595 1124 3682 est,
1152 3586 1269 3695 quod
1289 3587 1447 3671 addam
1467 3583 1619 3668 horum
1639 3583 1824 3666 virorum

264 3741 558 3854 eloquentiae.
618 3743 827 3844 Accedit,
855 3746 973 3858 quod
1004 3775 1213 3833 summam
1244 3751 1495 3836 meritorum
1532 3758 1829 3861 exposuerunt

268 3905 479 4024 collegae,
530 3909 603 4021 qui
648 3907 944 4022 superioribus
988 3911 1111 3996 annis
1151 3930 1251 3998 ante
1291 3944 1361 4001 me
1392 3913 1616 4030 Gymnasii
1651 3910 1827 3996 annales

265 4045 498 4160 lectionum
519 4075 738 4160 indicibus
758 4074 1087 4186 praemiserunt.
1132 4077 1506 4177 Benevolentiam,
1523 4075 1827 4175 eruditionem,

267 4236 468 4322 eximiam
512 4239 702 4326 docendi
744 4253 879 4324 artem
922 4253 968 4324 et
1006 4240 1255 4326 facilitatem
1299 4255 1440 4326 servat
1480 4255 1628 4357 gratus
1664 4241 1824 4362 civium

265 4403 448 4490 animus.
508 4402 636 4504 Vita,
677 4405 916 4492 studiorum
963 4408 1086 4508 ratio,
1117 4408 1292 4520 scripta,
1332 4436 1530 4522 quaeque
1560 4409 1604 4492 in
1633 4405 1826 4519 duplice,

265 4597 355 4681 quo
384 4569 558 4656 iunctus
588 4586 677 4672 est,
703 4601 882 4658 munere
907 4571 1084 4688 publico
1114 4575 1268 4687 gessit,
1298 4574 1582 4689 relinquendo
1611 4588 1711 4658 sunt
1740 4571 1827 4658 ool·

266 4733 391 4849 legae
427 4738 793 4840 aestimatissimo,
828 4741 902 4855 qui
942 4739 1177 4856 scriptione
1215 4738 1389 4853 publica
1424 4741 1502 4825 viri
1532 4753 1669 4826 morte
1699 4735 1828 4821 nobis

266 4901 405 5012 erepti
437 4905 685 4992 memoriam
717 4907 886 4992 civibus
915 4908 1072 4993 nostris
1102 4907 1438 4994 commendabit.
