4812 6092
907 739 1125 805 ..47-

241 923 400 978 sensnum
427 901 630 990 aliormm
666 903 952 970 instrumentorum
980 898 1205 973 functionibus
1234 901 1476 990 quodmodo
1506 904 1636 972 acoedn
1663 905 1706 970 ad
1729 905 1806 976 Pla·

242 1031 332 1100 tcais
354 1028 551 1114 murram,
584 1029 646 1096 sed
667 1027 715 1096 ita
736 1037 775 1094 ut
795 1025 863 1114 ipsi
884 1027 999 1114 potius
1010 1025 1119 1108 Pluto,
1141 1047 1240 1118 quam
1269 1030 1344 1118 ipse
1366 1029 1498 1098 Platoni
1527 1031 1571 1098 olr
1594 1031 1712 1100 oculos
1734 1047 1806 1102 ver·

242 1167 339 1228 ratus
361 1177 440 1226 cese
460 1156 622 1238 videatur,
644 1155 711 1222 uisi
733 1154 810 1242 puis
831 1153 1067 1224 verisimilius
1089 1157 1199 1240 ducat,
1222 1157 1309 1226 alius
1340 1158 1512 1226 cuiuadsra
1539 1157 1656 1226 librum
1677 1159 1807 1246 utrique

242 1285 440 1354 muotuieee.
486 1281 631 1352 Plurima
654 1281 787 1371 quidem
808 1301 884 1350 curu
907 1281 950 1350 iis
973 1292 1168 1368 congruunt,
1186 1303 1274 1370 quae
1289 1281 1547 1370 ubEmpedoole
1559 1293 1592 1350 et
1602 1283 1807 1352 Alcmaeone

242 1411 412 1498 disputate
436 1421 538 1494 eraut,
568 1408 612 1475 alr
640 1415 776 1476 mature
798 1419 907 1476 autem
930 1409 986 1492 iis,
1015 1429 1102 1496 qnae
1129 1411 1204 1496 ipsa
1240 1410 1413 1498 diligenter
1441 1409 1692 1492 observaverat,
1729 1420 1808 1476 suut

242 1535 503 1606 accommodata
548 1530 660 1600 Semel
682 1541 806 1600 tanturn
830 1553 869 1600 se
893 1533 1080 1622 discrepare
1108 1535 1151 1602 ai
1179 1535 1805 1624 iiacondtatur,quide1ierumNa·

242 1673 314 1730 tura
346 1659 552 1748 scripserint,
582 1659 683 1746 idque
705 1659 748 1726 de
771 1661 895 1728 auditu.
939 1661 1084 1732 Auditus
1107 1663 1266 1731 rationem
1289 1663 1332 1728 ab
1355 1683 1397 1729 ec
1419 1663 1635 1750 vituperatum
1657 1663 1808 1750 proxime

244 1789 378 1880 qoideur
406 1789 449 1855 ed
470 1784 691 1872 Anaxagorae
721 1796 756 1852 et
776 1783 943 1872 Diogenis
965 1787 1132 1856 doctrinae
1155 1788 1314 1856 accedere
1335 1787 1486 1854 videmus
1511 1785 1566 1866 (ai.
1591 1785 1741 1874 Theoph.
1765 1785 1809 1852 de

242 1914 345 1984 Serre.
369 1913 411 1978 ed
428 1909 635 1998 Philippei.
650 1911 692 1976 28
705 1911 819 1995 attii),
843 1911 904 1978 sod
927 1911 1027 1978 etiarn
1049 1911 1083 1980 iu
1106 1913 1187 1978 ntro
1208 1915 1250 1978 de
1266 1913 1363 1976 Meri
1385 1917 1416 1976 ia
1439 1912 1572 1978 Hocine
1594 1913 1733 1980 eaodem
1754 1931 1804 1979 re·

243 2039 404 2127 perimus,
434 2047 470 2105 et
490 2057 695 2106 communen
717 2047 864 2106 veterum
892 2039 1090 2108 senteutiam
1117 2037 1224 2106 fuisse
1254 2039 1295 2104 de
1324 2038 1418 2106 souis
1447 2038 1481 2104 iu
1509 2038 1619 2124 ipsum
1641 2037 1809 2104 cerebrum

243 2165 492 2252 penetrantibus
516 2174 647 2250 auctor,
677 2186 751 2232 cunr
774 2163 892 2252 plurali
914 2183 1048 2232 numero
1071 2175 1191 2248 utatur,
1214 2165 1343 2230 videtur
1365 2163 1519 2230 indicare.
1566 2161 1807 2229 Gravissimum

244 2288 408 2356 inferioris
438 2289 558 2356 aetatis
587 2291 820 2356 documentum
849 2291 975 2358 ducunt
1002 2309 1158 2358 venarum
1188 2301 1221 2357 et
1248 2291 1435 2357 arteriarum
1458 2289 1644 2371 discrimen,
1675 2289 1808 2374 quoda

244 2413 431 2504 Praxugora
463 2417 567 2503 prinro
601 2415 726 2483 iactum
758 2428 906 2500 narrant,
940 2419 1002 2484 sed
1034 2437 1143 2506 neque
1178 2418 1212 2484 in
1241 2416 1306 2484 hoo
1335 2416 1418 2482 libro
1452 2415 1609 2502 reperitur
1643 2411 1807 2480 eiusmodi

247 2539 434 2625 discrimen,
457 2552 492 2608 et
512 2539 737 2628 aPraxagora
758 2542 864 2628 primo
887 2543 1110 2630 excogitatum
1132 2541 1220 2612 falso
1242 2541 1422 2625 traditur.*)
1468 2541 1568 2608 humo
1592 2539 1728 2608 arteriae
1750 2535 1807 2606 hio

243 2687 375 2756 quoque
397 2687 554 2734 venarum
575 2666 711 2734 nornine
733 2668 1062 2756 comprehenduntur,
1086 2670 1146 2738 sed
1167 2681 1272 2756 aorta,
1295 2687 1380 2757 puae
1402 2688 1490 2734 nunc
1512 2677 1660 2747 vocatur,
1683 2683 1808 2730 avena

243 2813 326 2860 cava
348 2795 490 2856 ortmue
511 2791 643 2860 uouriue
667 2791 890 2880 distinguitur,
913 2795 1005 2882 quod
1022 2795 1198 2864 discrimen
1221 2815 1242 2861 a
1264 2813 1330 2884 quo
1353 2794 1492 2880 primunr
1521 2790 1644 2858 lactum
1667 2790 1712 2856 sit
1741 2789 1805 2855 etsi

241 2919 420 3006 ignoratur,
444 2927 552 2982 tameo
575 2915 878 2984 auterlristotclcm
900 2917 1023 2986 facturrn
1045 2939 1124 2988 esse
1142 2941 1183 2988 ex
1200 2919 1266 2988 hoc
1284 2921 1361 3006 ipso
1379 2917 1671 2998 concludimus.**)
1706 2910 1807 2999 Quod

192 3085 204 3106 .
241 3041 441 3111 Aristoteles
454 3055 589 3120 cortem,
600 3062 668 3107 nou
679 3046 832 3106 arteriam
844 3063 922 3110 esse
936 3043 1132 3131 appellatam
1146 3047 1300 3131 prodidit,
1312 3044 1435 3112 nullius
1447 3055 1501 3110 est
1510 3043 1677 3126 momenti,
1690 3041 1806 3108 arteria

243 3169 341 3252 enirn,
366 3166 577 3234 denominata
600 3165 642 3232 ab
665 3177 769 3252 aortu,
792 3168 955 3254 quondam
974 3169 1061 3236 idern
1078 3170 1289 3257 significavit,
1312 3180 1349 3236 ut
1372 3169 1451 3232 liber
1473 3167 1663 3232 deLocrm
1676 3165 1808 3230 Homine

242 3296 350 3360 docet
374 3291 565 3380 (Erotiauus
577 3313 609 3378 p.
623 3293 666 3356 dd
679 3311 707 3356 s.
718 3312 751 3358 v.
760 3289 893 3376 Ἀρτίων,
913 3293 968 3360 ubi
978 3287 1125 3380 ’Λαμίαν
1136 3293 1313 3381 legendum
1325 3295 1517 3380 interpretes
1530 3293 1584 3359 diu
1599 3291 1805 3373 docuerunt.)

242 3420 289 3486 At
300 3419 399 3485 etiam
422 3418 619 3501 arteriarum,
641 3435 725 3501 quas
747 3436 903 3482 venarum
926 3437 1079 3484 cavarum
1102 3420 1233 3485 nomine
1257 3417 1441 3503 distinguit,
1464 3417 1583 3502 pulsus
1607 3435 1804 3483 commemo·

243 3541 352 3612 ratur!
381 3541 465 3610 Eum
488 3559 596 3627 neque
619 3540 717 3609 Plato
740 3541 914 3628 ignoravit,
938 3561 1133 3630 quamquam
1155 3564 1222 3611 uon
1245 3544 1286 3611 ab
1309 3547 1397 3626 aere,
1420 3542 1479 3609 scd
1503 3563 1523 3608 a
1546 3542 1654 3608 calore
1678 3541 1806 3627 repetit,

391 3845 444 3920 ll.)
461 3852 572 3900 noster:
592 3825 690 3896 doato
711 3825 738 3894 θ’
757 3823 863 3910 lucili
876 3823 952 3893 solr'
954 3853 1025 3912 oper
1034 3823 1165 3918 θερμὸτ,
1188 3826 1351 3899 ἆθατατὸτ
1365 3856 1398 3896 τε
1411 3829 1503 3910 εἶναι,
1522 3831 1574 3894 καὶ
1588 3841 1689 3896 ποιεῖν
1706 3824 1808 3896 πάντα

390 3954 443 4019 troi
466 3949 552 4046 ὁρῇτ,
579 3949 632 4016 καὶ
652 3941 777 4014 inciso
796 3949 849 4016 sul
869 3945 984 4014 sidrici
1003 3941 1106 4016 mim
1133 3952 1186 4016 troi
1206 3942 1244 4014 τὰ
1264 3943 1340 4016 ὄντα
1360 3951 1413 4017 rol
1433 3941 1472 4014 τὰ
1492 3941 1647 4032 μέλλοντα
1667 3949 1808 4016 ἔσεσθαι.

324 4089 355 4158 ⁶)
391 4087 454 4142 Hoc
468 4085 528 4156 jan
546 4082 642 4140 dmuit
660 4083 726 4138 cer.
750 4082 837 4138 Gotti.
863 4081 950 4138 Kiiin
974 4083 1012 4138 de
1036 4083 1080 4138 irie
1103 4083 1205 4140 stodiis
1223 4085 1296 4138 berre
1315 4083 1438 4148 meritae,
1464 4083 1494 4138 io
1512 4081 1754 4138 commentatione
1772 4081 1807 4134 de

387 4194 552 4262 Praxagora
571 4191 631 4248 coo
650 4187 688 4244 li.
706 4189 785 4258 lips.
796 4193 873 4244 1820.
909 4189 988 4244 ldern
1007 4207 1058 4248 nor
1076 4191 1140 4246 aliie
1157 4191 1313 4247 rationibus
1330 4189 1409 4244 docti
1427 4189 1616 4250 oeoeadenrua.
1634 4189 1670 4245 de
1687 4187 1810 4244 dialecto

387 4299 557 4356 medicorum
582 4309 646 4352 corn
664 4311 789 4364 agemus.

300 4412 353 4482 ⁸⁸)
388 4409 484 4466 trinu·
503 4411 633 4461 accurate
652 4400 736 4458 reirrt
754 4402 839 4457 iliilra
858 4402 875 4456 Ι.
894 4403 911 4458 Ι.
930 4413 1043 4460 ramore
1054 4403 1129 4460 Ruio
1147 4375 1279 4472 Ephesio.
1297 4402 1349 4458 iroc
1367 4418 1467 4458 nomen
1485 4401 1522 4457 de
1538 4419 1615 4468 rare,
1633 4403 1708 4474 qaod
1726 4401 1809 4458 hodie

389 4515 473 4572 etiem
493 4509 593 4568 medici
613 4515 787 4577 nuncupent,
807 4509 926 4580 primurn
945 4512 982 4567 ab
1001 4511 1150 4568 Aristotele
1174 4525 1237 4566 ease
1256 4517 1438 4580 usurpatam,
1462 4509 1511 4580 qni
1529 4510 1644 4582 quidem
1660 4508 1723 4577 ipae
1739 4523 1809 4564 con-

389 4639 502 4696 trariom
522 4633 936 4708 protertflutsnim.111.a=
955 4643 976 4702 η
997 4613 1162 4685 diidrror
1181 4615 1218 4683 ἓν
1238 4629 1304 4694 ταῖς
1324 4613 1506 4704 ἀριστεροῖς,
1525 4609 1564 4700 ἣν
1579 4611 1707 4682 καλοῦσι’
1728 4637 1809 4690 τινες

393 4741 506 4832 tupris
537 4742 573 4812 ir
603 4742 660 4807 rori
685 4740 868 4807 τεθεᾶσθαι
898 4743 964 4808 rol
991 4737 1007 4808 τ’
1013 4765 1029 4806 r
1056 4747 1122 4816 τοῖς
1150 4737 1302 4806 τεθνεῶσι
1322 4731 1357 4805 τὸ
1389 4735 1536 4826 νευρῶδες
1563 4735 1659 4822 αὐτῆς
1687 4729 1808 4822 μόριον.

390 4885 481 4952 Quem
508 4883 600 4940 locutu
626 4879 685 4936 tere
702 4877 900 4948 dementum
931 4895 997 4934 auur
1019 4861 1072 4927 ml
1095 4875 1160 4934 terri
1186 4891 1241 4932 non
1265 4872 1368 4947 poerit,
1398 4873 1442 4934 ite
1462 4872 1669 4934 mandaverim
1688 4852 1725 4920 ἔτ
1752 4854 1809 4920 τοῦ

395 4993 574 5058 τεθεᾶσθαι
595 4982 688 5056 r'ror
709 4999 731 5058 i.
748 5017 776 5058 e.
797 4980 1082 5074 lineatione.
