4812 6092
1270 685 1491 750 ..po-

601 876 745 960 respiro,
772 870 838 938 clos
864 869 933 955 sepi
961 869 1046 953 σῶμα
1072 868 1190 955 φλέγμα
1217 893 1251 934 τε
1278 868 1331 930 ταί
1358 861 1504 952 periisti
1544 859 1616 928 Sed
1644 874 1806 970 certomm
1827 863 1927 932 etium
1948 860 2103 957 librorsup
2124 867 2156 931 si

599 1017 667 1064 non
688 995 822 1078 mentio,
851 1001 993 1058 attamen
1016 989 1213 1075 significatio
1236 989 1325 1074 apud
1347 987 1520 1056 Platonem
1542 988 1709 1076 reperitur,
1741 1009 1838 1075 qssnrn
1855 989 1980 1056 ceteris
2003 988 2156 1059 testimo·

599 1121 674 1202 niis,
698 1137 784 1204 qnae
806 1127 995 1203 supersunt,
1019 1116 1256 1202 antiquissimis
1279 1114 1506 1198 adiungamus.

688 1289 893 1372 Populariom
915 1285 1095 1350 Mor-domm
1124 1287 1203 1349 liber
1225 1289 1337 1348 ταινίαι
1366 1283 1498 1352 exhibet
1526 1287 1616 1354 aeris
1639 1287 1909 1352 constitutionem
1930 1285 2155 1371 pestilentem,

597 1435 696 1502 quam
724 1415 754 1479 si
774 1423 903 1479 veteres
926 1425 1014 1476 recte
1037 1413 1079 1476 ad
1101 1421 1229 1498 pestem
1251 1409 1340 1474 illam
1362 1408 1440 1474 belli
1465 1411 1743 1498 Peloponnesiaci
1771 1408 1969 1492 retulerunt,
1999 1410 2034 1474 id
2064 1409 2157 1496 quod

599 1533 741 1606 omnium
759 1559 927 1605 consensu
945 1558 1022 1602 csse
1039 1535 1172 1618 facturn,
1194 1534 1324 1620 probari
1341 1535 1515 1620 potestst),
1534 1529 1691 1624 temporis
1711 1523 1984 1620 significationem
1994 1533 2156 1600 habemns

598 1665 888 1746 accuratissimam,
917 1664 978 1729 sed
1000 1683 1074 1728 cmn
1095 1661 1224 1742 medici,
1255 1680 1340 1747 qnos
1371 1661 1411 1726 de
1434 1659 1497 1727 hac
1519 1684 1553 1728 re
1577 1659 1804 1743 consuluiffl‘)
1835 1669 1869 1726 et
1891 1659 2098 1747 antiquitatis
2121 1671 2155 1726 et

597 1793 677 1860 artis
707 1813 788 1857 suae
811 1789 1002 1876 peritissimi
1024 1808 1091 1852 non
1114 1785 1344 1866 assentiantur,
1371 1783 1437 1851 lroc
1460 1799 1649 1872 argumento
1672 1786 1732 1851 niti
1753 1786 1862 1850 minus
1885 1783 2002 1852 audeo.
2037 1785 2151 1872 Neque

596 1919 781 2003 indigemus
803 1913 868 1980 hoc
891 1923 1091 1997 argmncnto,
1115 1910 1356 1995 comparatione
1379 1909 1465 1976 enim
1488 1911 1638 1978 instituta
1660 1933 1702 1977 ex
1724 1911 1809 1996 ipsis
1832 1909 1924 1975 libris
1948 1917 2087 1990 constat,
2113 1907 2147 1971 id

596 2044 686 2130 quod
725 2041 809 2108 infra
836 2039 1161 2120 demonstrabimus,
1195 2033 1377 2098 Morimene
1410 2035 1614 2119 Populoriwu
1648 2037 1758 2100 Iidmcn
1787 2041 1923 2119 prom
1956 2047 1989 2098 ατ
2021 2037 2146 2096 tmere

596 2170 740 2254 scriptos
770 2187 849 2233 esse
871 2175 946 2230 ante
969 2169 1095 2227 τανιίοια
1116 2161 1379 2246 Αρίιονίινιαναα,
1401 2157 1490 2226 hunc
1513 2172 1622 2227 autem
1645 2173 1722 2227 ante
1747 2161 1857 2226 Iidrnsn
1879 2163 1920 2222 de
1937 2160 2034 2239 Aere,
2056 2157 2153 2222 Locis

600 2309 632 2358 ct
655 2293 763 2377 Aquis.
797 2290 852 2356 Ad
875 2290 936 2354 tria
956 2309 1034 2355 vero
1056 2286 1140 2351 lraec
1163 2305 1261 2369 opera
1283 2287 1447 2372 respicere
1468 2288 1597 2355 videtur
1614 2287 1710 2354 Plato
1734 2287 1869 2371 chep.
1882 2285 1959 2350 Vlll
1980 2305 2015 2368 p.
2032 2283 2096 2346 563
2115 2303 2151 2348 e:

595 2419 649 2484 ιιαί
677 2417 719 2499 τῷ
740 2411 806 2480 ὄντι
827 2405 861 2477 s'o
883 2408 962 2496 ἄγαν
983 2413 1014 2476 τὶ
1033 2423 1132 2476 ποιεῖν
1156 2401 1290 2493 perol-ips
1308 2409 1392 2492 φιλεῖ
1423 2417 1467 2487 εἰς
1493 2410 1673 2478 τούναντίον
1699 2405 1872 2499 μεταβολὴν
1899 2401 2152 2486 ἀνταποδιδόναι,

595 2541 630 2604 ἐν
650 2528 742 2622 ὥραις
762 2558 795 2597 τε
816 2533 869 2597 ναί
888 2534 922 2597 ἐν
938 2543 1044 2612 φυτοῖς
1064 2531 1117 2594 καί
1136 2532 1169 2594 ἐν
1190 2519 1307 2610 σώμασι
1327 2532 1380 2595 καί
1402 2524 1440 2610 δίς
1461 2532 1514 2595 sel
1535 2534 1568 2596 is·
1588 2531 1758 2606 πολιτείαις
1775 2529 1829 2614 οὐχ
1849 2522 1970 2614 ἥκιστα.
1994 2529 2151 2616 Idemque

595 2659 638 2726 de
661 2657 756 2740 legg
777 2651 811 2718 X
831 2673 865 2737 p.
889 2651 971 2715 906:
994 2648 1092 2734 φαμὲν
1114 2647 1227 2715 δἐἶναι
1247 2683 1291 2697 -
1313 2642 1370 2736 τὴν
1391 2649 1568 2726 πλεονεξίαν
1589 2653 1622 2716 ἐν
1641 2649 1696 2733 μὲν
1718 2655 1872 2734 σαρκίνοις
1894 2645 2012 2734 σώμασι
2032 2647 2150 2738 νόσημα

595 2772 796 2862 καλούμενον,
816 2778 856 2840 ἐν
876 2772 917 2839 δὲ
945 2765 1066 2854 α’ίραις
1092 2773 1188 2836 ἐτῶν
1208 2773 1272 2837 καί
1292 2768 1489 2836 ἐνιαυτοῖν
1509 2764 1627 2853 λοιμόν,
1648 2774 1681 2836 ἰν
1699 2768 1732 2834 δὲ
1747 2763 1857 2834 πόλεσι
1868 2769 2149 2850 ναίπολιτείαις-

595 2900 728 2968 ιῖδινιίαν.
776 2895 956 2958 Μανίοιτιια
977 2892 1180 2976 Ροχναίανίιινα
1209 2892 1320 2955 librum
1337 2893 1472 2974 priscum
1495 2901 1528 2951 ct
1550 2892 1676 2950 tertimn
1699 2889 1732 2954 in
1754 2911 1855 2974 parva
1877 2889 1935 2954 illa
1959 2889 2148 2960 Grammati.

671 3217 704 3289 *i
739 3217 783 3274 Ol.
808 3217 878 3272 Tim.
904 3233 932 3286 p.
956 3219 991 3270 82
1017 3229 1077 3285 sqq.
1105 3213 1210 3279 Ιιοαοι,
1234 3213 1391 3286 exquibus
1418 3212 1546 3269 Platonis
1570 3211 1606 3268 de
1631 3213 1791 3270 morbomm
1813 3213 1919 3283 origine
1942 3221 1971 3270 et
2000 3219 2143 3276 curatione
2177 3253 2184 3272 .

737 3323 875 3378 καταντία
894 3319 1080 3391 cognoscitur,
1105 3321 1186 3377 docte
1204 3321 1360 3392 composuit
1387 3321 1415 3376 ί.
1442 3321 1478 3377 R.
1504 3321 1711 3386 Lichtenstiidt,
1737 3319 1854 3376 Pistnns
1878 3321 1986 3376 leiren
2012 3324 2064 3377 nni
2079 3323 2142 3380 dens

736 3427 839 3486 Gcbiet
853 3429 903 3484 der
922 3427 1163 3494 Nsturiorsclrnng
1180 3428 1238 3482 und
1256 3429 1306 3486 der
1318 3429 1490 3486 Heillunde.
1520 3427 1636 3498 Leipzig
1657 3433 1734 3484 1826.
1753 3445 1781 3498 p.
1805 3431 1854 3484 ten
1871 3427 1900 3484 in
1919 3428 2053 3496 sectione,
2072 3447 2145 3501 qune

737 3537 874 3606 inscripta
891 3544 949 3592 est:
974 3536 1082 3592 Lehren
1101 3535 1233 3612 eusdem
1252 3537 1370 3593 Gebiete
1388 3537 1438 3591 der
1458 3535 1640 3604 allgemeincn
1660 3533 1834 3602 Psthologie,
1860 3541 1888 3590 et
1905 3552 1971 3606 psg.
1987 3541 2039 3592 140
2054 3536 2084 3591 in
2102 3553 2145 3604 ca,

738 3659 811 3714 qnae
830 3643 964 3712 inscripta
981 3651 1041 3698 est:
1060 3641 1170 3696 Lehren
1189 3659 1241 3698 ans
1260 3644 1323 3700 dens
1343 3644 1462 3699 Gebiete
1480 3644 1531 3698 der
1544 3640 1729 3710 allgemelnen
1749 3640 1895 3710 Therapr'e.

652 3775 707 3846 ss)
742 3773 854 3827 Diserte
871 3773 944 3826 hunc
961 3789 1127 3828 consensum
1145 3781 1264 3830 testatur
1283 3777 1409 3830 Galenus
1427 3775 1463 3830 dc
1481 3775 1564 3829 diffie.
1585 3774 1684 3842 respir.
1703 3773 1744 3826 ll.
1763 3777 1790 3829 7.
1809 3789 1838 3841 p.
1859 3776 1919 3827 tot.
1940 3773 2008 3830 Bss.
2026 3775 2082 3831 111.
2116 3791 2142 3844 p.

730 3883 793 3935 254.
814 3879 908 3934 chart.
926 3877 994 3934 Vll.
1032 3896 1059 3949 p.
1079 3884 1142 3936 ⁸50.
1168 3879 1255 3935 K'dlrn
1274 3879 1353 3945 vn,
1373 3881 1511 3936 affirmant
1529 3877 1676 3936 Lucretius
1694 3877 1747 3932 Vl.
1769 3881 1839 3934 1165
1857 3886 1887 3934 ct
1911 3879 2050 3936 Diodorus
2069 3878 2143 3934 ΧΠ.

733 3990 771 4042 46
786 3991 815 4040 et
831 3989 877 4042 ⁶8.
913 3985 945 4040 Si
963 3986 1031 4056 qnid
1048 3987 1196 4043 tribuimus
1222 3987 1338 4043 Diodori
1357 3995 1386 4043 et
1399 3987 1499 4042 Galeni
1518 3987 1687 4051 auctoritati,
1707 3985 1837 4041 dubitare
1855 4001 1911 4042 non
1930 4001 2088 4058 pommus,
2108 3986 2143 4040 de

732 4093 806 4162 pesti
823 4092 871 4148 ills
888 4093 1099 4150 Atheniensium
1117 4095 1153 4149 ab
1171 4093 1234 4150 aliis
1258 4091 1343 4148 ctiam
1361 4093 1510 4149 memorisc
1528 4093 1671 4164 proditum
1689 4106 1761 4156 esse,
1779 4091 1809 4146 id
1832 4093 1907 4163 qnod
1926 4094 1961 4150 de
1981 4093 2143 4148 Democrito

731 4206 761 4255 et
780 4199 965 4256 Democriteis
982 4201 1176 4256 affirmaverim
1195 4200 1244 4270 (ci.
1262 4198 1346 4268 Βίας.
1357 4199 1449 4254 Laert.
1462 4201 1517 4256 lX·
1532 4206 1576 4257 st.
1596 4199 1704 4255 Gellius
1711 4198 1814 4256 1V.ra.
1823 4199 1863 4256 X.
1876 4205 1916 4256 12.
1936 4201 2011 4256 Plut.
2024 4200 2141 4265 Quaen

730 4307 827 4376 Symp.
846 4307 931 4362 vl11.
955 4313 984 4364 9.
998 4310 1040 4378 ὃ.)
1075 4309 1145 4362 'lum
1164 4307 1188 4363 si
1207 4307 1432 4372 eoncedendum,
1451 4323 1470 4362 s
1488 4307 1614 4362 Diodoro
1631 4313 1660 4360 et
1677 4305 1851 4376 Hippocrate
1867 4306 1963 4377 (Epid.
1983 4308 2040 4364 lll.
2058 4324 2081 4364 s.
2101 4311 2143 4380 τ.)
2171 4377 2175 4385 ,

726 4413 847 4470 eundem
866 4429 971 4468 annuns
993 4415 1105 4484 respici,
1123 4415 1162 4470 nil
1185 4413 1263 4469 eliud
1286 4419 1382 4480 restet,
1406 4413 1481 4485 quod
1499 4413 1655 4479 credemus,
1680 4413 1735 4468 nisi
1760 4415 1796 4470 ab
1818 4415 2141 4485 llippcorsteeinsdem

729 4519 797 4576 anni
818 4517 972 4588 pestilentis
998 4521 1109 4576 morbos
1131 4537 1193 4577 esse
1216 4521 1380 4577 observatos
1397 4520 1426 4574 in
1444 4520 1573 4590 regione,
1593 4521 1641 4576 nbi
1658 4521 1747 4591 pestis
1765 4522 1877 4593 quidem
1896 4523 1944 4580 illa
1961 4522 2140 4580 Atheniensis

724 4641 780 4680 non
798 4626 929 4695 eruperit,
945 4627 1035 4682 morbi
1054 4643 1119 4684 vero
1136 4627 1208 4684 surii
1225 4643 1262 4684 ex
1280 4635 1360 4698 psrtc
1379 4628 1483 4684 similes
1500 4627 1678 4684 invaluerint.

619 4733 688 4806 s..)
724 4735 799 4790 Sunt
821 4733 977 4790 medicinae
1002 4735 1142 4796 Doctores
1167 4739 1200 4794 C.
1220 4739 1252 4794 T.
1271 4736 1427 4810 Flemming
1450 4739 1601 4796 Archidnci
1624 4739 1811 4812 Megalopolis
1833 4756 1851 4795 s
1875 4737 1999 4798 consiliis
2022 4742 2138 4798 summis

727 4840 842 4898 secreds
861 4841 977 4898 medicis
993 4851 1023 4900 et
1039 4845 1071 4902 S.
1089 4845 1121 4902 1.
1140 4845 1508 4918 Solonemquamquam
1527 4847 1679 4906 maximum
1697 4848 1789 4906 habeo
1807 4845 1934 4916 mom.
1953 4848 2029 4921 qnod
2046 4863 2136 4904 mecm

725 4949 762 5006 de
780 4955 859 5036 peste
877 4949 927 5006 illa
943 4951 1122 5023 scriptionem
1138 4951 1287 5024 diligenter
1304 4955 1546 5030 examinaremnt.
1644 4985 1649 4997 ·
