<?xml version="1.0" encoding="UTF-8"?>
<!DOCTYPE html PUBLIC "-//W3C//DTD XHTML 1.0 Transitional//EN"
    "http://www.w3.org/TR/xhtml1/DTD/xhtml1-transitional.dtd">
<html xmlns="http://www.w3.org/1999/xhtml" xml:lang="en" lang="en">
 <head>
  <title>
</title>
<meta http-equiv="Content-Type" content="text/html;charset=utf-8" />
  <meta name='ocr-system' content='tesseract 3.04.00' />
  <meta name='ocr-capabilities' content='ocr_page ocr_carea ocr_par ocr_line ocrx_word'/>
</head>
<body>
  <div class='ocr_page' id='page_1' title='image "./hippocratisnomi00petegoog_0039.png"; bbox 0 0 4812 6092; ppageno 0'>
   <div class='ocr_carea' id='block_1_1' title="bbox 612 895 2161 1486">
    <p class='ocr_par' dir='ltr' id='par_1_1' title="bbox 612 895 2161 1486">
     <span class='ocr_line' id='line_1_1' title="bbox 616 895 2159 986; baseline -0.002 -22"><span class='ocrx_word' id='word_1_1' title='bbox 616 901 713 986; x_wconf 84' lang='lat' dir='ltr'><strong>pauci</strong></span> <span class='ocrx_word' id='word_1_2' title='bbox 741 909 865 964; x_wconf 76' lang='lat' dir='ltr'><strong>tantun</strong></span> <span class='ocrx_word' id='word_1_3' title='bbox 900 897 1073 964; x_wconf 79' lang='lat' dir='ltr'><strong>dubitasse</strong></span> <span class='ocrx_word' id='word_1_4' title='bbox 1100 895 1274 978; x_wconf 75' lang='lat' dir='ltr'><strong>Jvidentur,</strong></span> <span class='ocrx_word' id='word_1_5' title='bbox 1314 907 1401 962; x_wconf 86' lang='lat' dir='ltr'><strong>testa</strong></span> <span class='ocrx_word' id='word_1_6' title='bbox 1432 895 1559 964; x_wconf 74' lang='lat' dir='ltr'><strong>Galerio</strong></span> <span class='ocrx_word' id='word_1_7' title='bbox 1590 896 1681 964; x_wconf 72' lang='lat' dir='ltr'><strong>(iona.</strong></span> <span class='ocrx_word' id='word_1_8' title='bbox 1710 897 1749 964; x_wconf 90' lang='lat' dir='ltr'><strong>ll.</strong></span> <span class='ocrx_word' id='word_1_9' title='bbox 1783 897 1826 963; x_wconf 86' lang='lat' dir='ltr'><strong>de</strong></span> <span class='ocrx_word' id='word_1_10' title='bbox 1854 895 1928 962; x_wconf 87' lang='lat' dir='ltr'><strong>Nat.</strong></span> <span class='ocrx_word' id='word_1_11' title='bbox 1959 895 2055 961; x_wconf 87' lang='lat' dir='ltr'><strong>Hom.</strong></span> <span class='ocrx_word' id='word_1_12' title='bbox 2090 897 2159 964; x_wconf 88' lang='lat' dir='ltr'><strong>init.</strong></span> 
     </span>
     <span class='ocr_line' id='line_1_2' title="bbox 615 1019 2160 1110; baseline -0.001 -24"><span class='ocrx_word' id='word_1_13' title='bbox 615 1023 746 1110; x_wconf 78' lang='lat' dir='ltr'><strong>ploti.</strong></span> <span class='ocrx_word' id='word_1_14' title='bbox 790 1021 899 1092; x_wconf 77' lang='lat' dir='ltr'><strong>Kana</strong></span> <span class='ocrx_word' id='word_1_15' title='bbox 911 1023 987 1088; x_wconf 87' lang='lat' dir='ltr'><strong>XV.</strong></span> <span class='ocrx_word' id='word_1_16' title='bbox 1011 1033 1044 1090; x_wconf 88' lang='lat' dir='ltr'><strong>et</strong></span> <span class='ocrx_word' id='word_1_17' title='bbox 1068 1022 1159 1092; x_wconf 88' lang='lat' dir='ltr'><strong>Corn.</strong></span> <span class='ocrx_word' id='word_1_18' title='bbox 1183 1027 1224 1090; x_wconf 85' lang='lat' dir='ltr'><strong>de</strong></span> <span class='ocrx_word' id='word_1_19' title='bbox 1246 1023 1348 1088; x_wconf 87' lang='lat' dir='ltr'><strong>Victa</strong></span> <span class='ocrx_word' id='word_1_20' title='bbox 1370 1022 1438 1088; x_wconf 80' lang='lat' dir='ltr'><strong>Sal.</strong></span> <span class='ocrx_word' id='word_1_21' title='bbox 1461 1022 1531 1088; x_wconf 89' lang='lat' dir='ltr'><strong>init.</strong></span> <span class='ocrx_word' id='word_1_22' title='bbox 1554 1045 1586 1108; x_wconf 94' lang='lat' dir='ltr'><strong>p.</strong></span> <span class='ocrx_word' id='word_1_23' title='bbox 1614 1024 1687 1088; x_wconf 75' lang='lat' dir='ltr'><strong>lib.</strong></span> <span class='ocrx_word' id='word_1_24' title='bbox 1709 1022 1807 1088; x_wconf 80' lang='lat' dir='ltr'><strong>Kbbn</strong></span> <span class='ocrx_word' id='word_1_25' title='bbox 1829 1022 1904 1087; x_wconf 85' lang='lat' dir='ltr'><strong>XV.</strong></span> <span class='ocrx_word' id='word_1_26' title='bbox 1939 1021 2003 1087; x_wconf 91' lang='lat' dir='ltr'><strong>Hic</strong></span> <span class='ocrx_word' id='word_1_27' title='bbox 2024 1019 2106 1086; x_wconf 89' lang='lat' dir='ltr'><strong>liber</strong></span> <span class='ocrx_word' id='word_1_28' title='bbox 2127 1022 2160 1085; x_wconf 86' lang='lat' dir='ltr'><strong>iu</strong></span> 
     </span>
     <span class='ocr_line' id='line_1_3' title="bbox 614 1147 2161 1236; baseline -0.002 -21"><span class='ocrx_word' id='word_1_29' title='bbox 614 1149 754 1215; x_wconf 78' lang='lat' dir='ltr'><strong>vetastis</strong></span> <span class='ocrx_word' id='word_1_30' title='bbox 777 1151 1015 1236; x_wconf 77' lang='lat' dir='ltr'>exemplaribus</span> <span class='ocrx_word' id='word_1_31' title='bbox 1039 1171 1185 1218; x_wconf 76' lang='lat' dir='ltr'><strong>aunem</strong></span> <span class='ocrx_word' id='word_1_32' title='bbox 1213 1151 1383 1236; x_wconf 76' lang='lat' dir='ltr'><strong>legebatur</strong></span> <span class='ocrx_word' id='word_1_33' title='bbox 1404 1151 1499 1216; x_wconf 83' lang='lat' dir='ltr'><strong>alteri</strong></span> <span class='ocrx_word' id='word_1_34' title='bbox 1527 1151 1610 1235; x_wconf 89' lang='lat' dir='ltr'><strong>parti</strong></span> <span class='ocrx_word' id='word_1_35' title='bbox 1641 1151 1715 1213; x_wconf 75' lang='lat' dir='ltr'><strong>tttrt</strong></span> <span class='ocrx_word' id='word_1_36' title='bbox 1741 1151 1783 1210; x_wconf 74' lang='lat' dir='ltr'><strong>de</strong></span> <span class='ocrx_word' id='word_1_37' title='bbox 1804 1147 1929 1210; x_wconf 74' lang='lat' dir='ltr'><strong>Notas-u</strong></span> <span class='ocrx_word' id='word_1_38' title='bbox 1951 1147 2091 1210; x_wconf 63' lang='lat' dir='ltr'><strong>Hanno</strong></span> <span class='ocrx_word' id='word_1_39' title='bbox 2119 1147 2161 1212; x_wconf 88' lang='lat' dir='ltr'><strong>ab</strong></span> 
     </span>
     <span class='ocr_line' id='line_1_4' title="bbox 612 1272 2161 1368; baseline -0.004 -26"><span class='ocrx_word' id='word_1_40' title='bbox 612 1273 790 1342; x_wconf 76' lang='lat' dir='ltr'><strong>Aristotele</strong></span> <span class='ocrx_word' id='word_1_41' title='bbox 802 1276 929 1364; x_wconf 84' lang='lat' dir='ltr'><strong>Polybo</strong></span> <span class='ocrx_word' id='word_1_42' title='bbox 943 1279 1135 1368; x_wconf 82' lang='lat' dir='ltr'><strong>adscriptae.</strong></span> <span class='ocrx_word' id='word_1_43' title='bbox 1164 1275 1405 1341; x_wconf 77' lang='lat' dir='ltr'><strong>Praedictorm</strong></span> <span class='ocrx_word' id='word_1_44' title='bbox 1427 1277 1507 1340; x_wconf 79' lang='lat' dir='ltr'><strong>liber·</strong></span> <span class='ocrx_word' id='word_1_45' title='bbox 1527 1277 1676 1339; x_wconf 61' lang='lat' dir='ltr'><strong>reconda</strong></span> <span class='ocrx_word' id='word_1_46' title='bbox 1699 1293 1740 1340; x_wconf 89' lang='lat' dir='ltr'><strong>an</strong></span> <span class='ocrx_word' id='word_1_47' title='bbox 1758 1272 1907 1340; x_wconf 84' lang='lat' dir='ltr'><strong>eiusdem</strong></span> <span class='ocrx_word' id='word_1_48' title='bbox 1928 1272 1984 1353; x_wconf 86' lang='lat' dir='ltr'><strong>sit,</strong></span> <span class='ocrx_word' id='word_1_49' title='bbox 2008 1272 2161 1340; x_wconf 87' lang='lat' dir='ltr'><strong>indubio</strong></span> 
     </span>
     <span class='ocr_line' id='line_1_5' title="bbox 613 1389 1642 1486; baseline -0.001 -20"><span class='ocrx_word' id='word_1_50' title='bbox 613 1397 995 1486; x_wconf 63' lang='lat' dir='ltr'><strong>maenianorum.</strong></span> <span class='ocrx_word' id='word_1_51' title='bbox 1641 1389 1642 1396; x_wconf 7' lang='grc' dir='ltr'>ἵ</span> 
     </span>
    </p>
   </div>
   <div class='ocr_carea' id='block_1_2' title="bbox 612 1555 2162 2402">
    <p class='ocr_par' dir='ltr' id='par_1_2' title="bbox 612 1555 2162 2402">
     <span class='ocr_line' id='line_1_6' title="bbox 701 1555 2161 1646; baseline -0.004 -24"><span class='ocrx_word' id='word_1_52' title='bbox 701 1561 753 1622; x_wconf 81' lang='lat' dir='ltr'><strong>De</strong></span> <span class='ocrx_word' id='word_1_53' title='bbox 788 1563 967 1626; x_wconf 79' lang='lat' dir='ltr'><strong>Vubrcribur</strong></span> <span class='ocrx_word' id='word_1_54' title='bbox 998 1561 1119 1646; x_wconf 80' lang='lat' dir='ltr'><em>Capitis</em></span> <span class='ocrx_word' id='word_1_55' title='bbox 1152 1563 1234 1629; x_wconf 91' lang='lat' dir='ltr'><strong>liber</strong></span> <span class='ocrx_word' id='word_1_56' title='bbox 1261 1562 1459 1628; x_wconf 89' lang='lat' dir='ltr'><strong>testimoniis</strong></span> <span class='ocrx_word' id='word_1_57' title='bbox 1496 1573 1583 1627; x_wconf 89' lang='lat' dir='ltr'><strong>caret</strong></span> <span class='ocrx_word' id='word_1_58' title='bbox 1611 1559 1767 1626; x_wconf 88' lang='lat' dir='ltr'><strong>Erotiano</strong></span> <span class='ocrx_word' id='word_1_59' title='bbox 1804 1555 2062 1643; x_wconf 75' lang='lat' dir='ltr'><strong>antiquioribus,</strong></span> <span class='ocrx_word' id='word_1_60' title='bbox 2095 1555 2161 1618; x_wconf 90' lang='lat' dir='ltr'><strong>nisi</strong></span> 
     </span>
     <span class='ocr_line' id='line_1_7' title="bbox 614 1679 2162 1778; baseline -0.005 -27"><span class='ocrx_word' id='word_1_61' title='bbox 614 1684 746 1752; x_wconf 85' lang='lat' dir='ltr'><strong>Celsum</strong></span> <span class='ocrx_word' id='word_1_62' title='bbox 776 1688 944 1754; x_wconf 80' lang='lat' dir='ltr'><strong>admittere</strong></span> <span class='ocrx_word' id='word_1_63' title='bbox 972 1689 1073 1771; x_wconf 89' lang='lat' dir='ltr'><strong>velis,</strong></span> <span class='ocrx_word' id='word_1_64' title='bbox 1104 1693 1159 1778; x_wconf 91' lang='lat' dir='ltr'><strong>qui</strong></span> <span class='ocrx_word' id='word_1_65' title='bbox 1188 1700 1296 1757; x_wconf 88' lang='lat' dir='ltr'><strong>tamen</strong></span> <span class='ocrx_word' id='word_1_66' title='bbox 1326 1711 1400 1754; x_wconf 90' lang='lat' dir='ltr'><strong>eum</strong></span> <span class='ocrx_word' id='word_1_67' title='bbox 1428 1708 1495 1754; x_wconf 91' lang='lat' dir='ltr'><strong>non</strong></span> <span class='ocrx_word' id='word_1_68' title='bbox 1518 1688 1639 1752; x_wconf 83' lang='lat' dir='ltr'><strong>diserte</strong></span> <span class='ocrx_word' id='word_1_69' title='bbox 1662 1684 1874 1770; x_wconf 85' lang='lat' dir='ltr'><strong>Hippocratis</strong></span> <span class='ocrx_word' id='word_1_70' title='bbox 1904 1681 2035 1748; x_wconf 87' lang='lat' dir='ltr'><strong>nomine</strong></span> <span class='ocrx_word' id='word_1_71' title='bbox 2059 1679 2162 1762; x_wconf 84' lang='lat' dir='ltr'><strong>ailert,</strong></span> 
     </span>
     <span class='ocr_line' id='line_1_8' title="bbox 613 1805 2161 1900; baseline -0.004 -24"><span class='ocrx_word' id='word_1_72' title='bbox 613 1811 673 1876; x_wconf 88' lang='lat' dir='ltr'><strong>sed</strong></span> <span class='ocrx_word' id='word_1_73' title='bbox 694 1811 796 1876; x_wconf 87' lang='lat' dir='ltr'><strong>multa</strong></span> <span class='ocrx_word' id='word_1_74' title='bbox 830 1833 935 1878; x_wconf 89' lang='lat' dir='ltr'><strong>exeo</strong></span> <span class='ocrx_word' id='word_1_75' title='bbox 965 1814 1139 1900; x_wconf 86' lang='lat' dir='ltr'><strong>excerpsit.</strong></span> <span class='ocrx_word' id='word_1_76' title='bbox 1195 1813 1390 1880; x_wconf 88' lang='lat' dir='ltr'><strong>Disserendi</strong></span> <span class='ocrx_word' id='word_1_77' title='bbox 1424 1813 1507 1878; x_wconf 92' lang='lat' dir='ltr'><strong>ratio</strong></span> <span class='ocrx_word' id='word_1_78' title='bbox 1531 1824 1584 1877; x_wconf 90' lang='lat' dir='ltr'><strong>est</strong></span> <span class='ocrx_word' id='word_1_79' title='bbox 1605 1812 1663 1878; x_wconf 89' lang='lat' dir='ltr'><strong>illa</strong></span> <span class='ocrx_word' id='word_1_80' title='bbox 1686 1833 1707 1877; x_wconf 89' lang='lat' dir='ltr'><strong>a</strong></span> <span class='ocrx_word' id='word_1_81' title='bbox 1729 1805 1868 1876; x_wconf 86' lang='lat' dir='ltr'><strong>Platorie</strong></span> <span class='ocrx_word' id='word_1_82' title='bbox 1891 1808 2083 1898; x_wconf 83' lang='lat' dir='ltr'><strong>Hippocrati</strong></span> <span class='ocrx_word' id='word_1_83' title='bbox 2106 1805 2161 1870; x_wconf 87' lang='lat' dir='ltr'><strong>tri·</strong></span> 
     </span>
     <span class='ocr_line' id='line_1_9' title="bbox 612 1905 2159 2026; baseline -0.003 -26"><span class='ocrx_word' id='word_1_84' title='bbox 612 1935 700 2018; x_wconf 89' lang='lat' dir='ltr'><strong>buta,</strong></span> <span class='ocrx_word' id='word_1_85' title='bbox 724 1937 885 2004; x_wconf 91' lang='lat' dir='ltr'><strong>scribendi</strong></span> <span class='ocrx_word' id='word_1_86' title='bbox 908 1959 1012 2024; x_wconf 82' lang='lat' dir='ltr'><strong>genus</strong></span> <span class='ocrx_word' id='word_1_87' title='bbox 1031 1939 1197 2005; x_wconf 87' lang='lat' dir='ltr'><strong>concisius</strong></span> <span class='ocrx_word' id='word_1_88' title='bbox 1221 1937 1311 2019; x_wconf 92' lang='lat' dir='ltr'><strong>illud,</strong></span> <span class='ocrx_word' id='word_1_89' title='bbox 1337 1937 1425 2026; x_wconf 88' lang='lat' dir='ltr'><strong>quod</strong></span> <span class='ocrx_word' id='word_1_90' title='bbox 1447 1935 1657 2021; x_wconf 83' lang='lat' dir='ltr'><strong>Hippocratis</strong></span> <span class='ocrx_word' id='word_1_91' title='bbox 1681 1935 1900 2002; x_wconf 87' lang='lat' dir='ltr'><strong>adolescentis</strong></span> <span class='ocrx_word' id='word_1_92' title='bbox 1920 1945 1953 2000; x_wconf 87' lang='lat' dir='ltr'><strong>et</strong></span> <span class='ocrx_word' id='word_1_93' title='bbox 1975 1905 2038 1999; x_wconf 59' lang='lat' dir='ltr'><strong>siri</strong></span> <span class='ocrx_word' id='word_1_94' title='bbox 2055 1929 2159 1998; x_wconf 85' lang='lat' dir='ltr'><strong>fuisse</strong></span> 
     </span>
     <span class='ocr_line' id='line_1_10' title="bbox 614 2057 2159 2151; baseline -0.005 -24"><span class='ocrx_word' id='word_1_95' title='bbox 614 2061 831 2146; x_wconf 74' lang='lat' dir='ltr'><strong>coniecimuS,</strong></span> <span class='ocrx_word' id='word_1_96' title='bbox 869 2087 942 2130; x_wconf 89' lang='lat' dir='ltr'><strong>cum</strong></span> <span class='ocrx_word' id='word_1_97' title='bbox 975 2063 1179 2151; x_wconf 85' lang='lat' dir='ltr'><strong>provectiore</strong></span> <span class='ocrx_word' id='word_1_98' title='bbox 1208 2074 1316 2130; x_wconf 87' lang='lat' dir='ltr'><strong>aetate</strong></span> <span class='ocrx_word' id='word_1_99' title='bbox 1340 2063 1511 2147; x_wconf 88' lang='lat' dir='ltr'><strong>copiosius</strong></span> <span class='ocrx_word' id='word_1_100' title='bbox 1534 2060 1712 2146; x_wconf 86' lang='lat' dir='ltr'><strong>scripsisse</strong></span> <span class='ocrx_word' id='word_1_101' title='bbox 1734 2061 1899 2143; x_wconf 84' lang='lat' dir='ltr'><strong>videatur,</strong></span> <span class='ocrx_word' id='word_1_102' title='bbox 1933 2059 1998 2124; x_wconf 90' lang='lat' dir='ltr'><strong>nisi</strong></span> <span class='ocrx_word' id='word_1_103' title='bbox 2028 2057 2159 2144; x_wconf 90' lang='lat' dir='ltr'><strong>quando</strong></span> 
     </span>
     <span class='ocr_line' id='line_1_11' title="bbox 612 2181 2159 2273; baseline -0.003 -23"><span class='ocrx_word' id='word_1_104' title='bbox 612 2185 775 2252; x_wconf 88' lang='lat' dir='ltr'><strong>scribendi</strong></span> <span class='ocrx_word' id='word_1_105' title='bbox 787 2188 961 2254; x_wconf 90' lang='lat' dir='ltr'><strong>consilium</strong></span> <span class='ocrx_word' id='word_1_106' title='bbox 973 2189 1312 2254; x_wconf 83' lang='lat' dir='ltr'><strong>eandembrevitatem</strong></span> <span class='ocrx_word' id='word_1_107' title='bbox 1323 2185 1530 2273; x_wconf 82' lang='lat' dir='ltr'><strong>flagitaverit,</strong></span> <span class='ocrx_word' id='word_1_108' title='bbox 1551 2198 1588 2251; x_wconf 88' lang='lat' dir='ltr'><strong>ut</strong></span> <span class='ocrx_word' id='word_1_109' title='bbox 1605 2186 1851 2269; x_wconf 74' lang='lat' dir='ltr'><strong>inAptorome,</strong></span> <span class='ocrx_word' id='word_1_110' title='bbox 1865 2185 1973 2273; x_wconf 88' lang='lat' dir='ltr'><strong>iisque</strong></span> <span class='ocrx_word' id='word_1_111' title='bbox 1996 2181 2159 2268; x_wconf 85' lang='lat' dir='ltr'><strong>operibus,</strong></span> 
     </span>
     <span class='ocr_line' id='line_1_12' title="bbox 612 2306 2126 2402; baseline -0.005 -24"><span class='ocrx_word' id='word_1_112' title='bbox 612 2333 696 2398; x_wconf 85' lang='lat' dir='ltr'><strong>quaa</strong></span> <span class='ocrx_word' id='word_1_113' title='bbox 718 2333 783 2378; x_wconf 91' lang='lat' dir='ltr'><strong>non</strong></span> <span class='ocrx_word' id='word_1_114' title='bbox 806 2314 872 2380; x_wconf 92' lang='lat' dir='ltr'><strong>nisi</strong></span> <span class='ocrx_word' id='word_1_115' title='bbox 895 2315 1061 2402; x_wconf 87' lang='lat' dir='ltr'><strong>disposuit</strong></span> <span class='ocrx_word' id='word_1_116' title='bbox 1083 2326 1201 2400; x_wconf 86' lang='lat' dir='ltr'><strong>postea</strong></span> <span class='ocrx_word' id='word_1_117' title='bbox 1224 2313 1429 2386; x_wconf 90' lang='lat' dir='ltr'><strong>elaboranda,</strong></span> <span class='ocrx_word' id='word_1_118' title='bbox 1453 2312 1513 2378; x_wconf 91' lang='lat' dir='ltr'><strong>sed</strong></span> <span class='ocrx_word' id='word_1_119' title='bbox 1536 2323 1638 2378; x_wconf 87' lang='lat' dir='ltr'><strong>morte</strong></span> <span class='ocrx_word' id='word_1_120' title='bbox 1660 2313 1861 2397; x_wconf 83' lang='lat' dir='ltr'><strong>interceptus</strong></span> <span class='ocrx_word' id='word_1_121' title='bbox 1882 2331 1950 2374; x_wconf 89' lang='lat' dir='ltr'><strong>non</strong></span> <span class='ocrx_word' id='word_1_122' title='bbox 1973 2306 2126 2374; x_wconf 85' lang='lat' dir='ltr'><strong>absolvit.</strong></span> 
     </span>
    </p>
   </div>
   <div class='ocr_carea' id='block_1_3' title="bbox 518 2466 2162 2708">
    <p class='ocr_par' dir='ltr' id='par_1_3' title="bbox 518 2466 2162 2708">
     <span class='ocr_line' id='line_1_13' title="bbox 698 2466 2162 2561; baseline -0.007 -23"><span class='ocrx_word' id='word_1_123' title='bbox 698 2472 804 2541; x_wconf 89' lang='lat' dir='ltr'><strong>Huius</strong></span> <span class='ocrx_word' id='word_1_124' title='bbox 834 2475 964 2559; x_wconf 82' lang='lat' dir='ltr'><strong>generis</strong></span> <span class='ocrx_word' id='word_1_125' title='bbox 992 2475 1219 2542; x_wconf 89' lang='lat' dir='ltr'><strong>videturesse</strong></span> <span class='ocrx_word' id='word_1_126' title='bbox 1248 2473 1327 2540; x_wconf 82' lang='lat' dir='ltr'><strong>liber</strong></span> <span class='ocrx_word' id='word_1_127' title='bbox 1355 2476 1394 2535; x_wconf 75' lang='lat' dir='ltr'><strong>de</strong></span> <span class='ocrx_word' id='word_1_128' title='bbox 1420 2475 1555 2554; x_wconf 71' lang='lat' dir='ltr'><strong>officina</strong></span> <span class='ocrx_word' id='word_1_129' title='bbox 1576 2472 1713 2550; x_wconf 82' lang='lat' dir='ltr'><strong>Medici,</strong></span> <span class='ocrx_word' id='word_1_130' title='bbox 1744 2473 1867 2561; x_wconf 89' lang='lat' dir='ltr'><strong>quippe</strong></span> <span class='ocrx_word' id='word_1_131' title='bbox 1889 2471 1945 2557; x_wconf 93' lang='lat' dir='ltr'><strong>qui</strong></span> <span class='ocrx_word' id='word_1_132' title='bbox 1968 2466 2162 2552; x_wconf 74' lang='lat' dir='ltr'><strong>aqctoritate</strong></span> 
     </span>
     <span class='ocr_line' id='line_1_14' title="bbox 518 2590 2162 2708; baseline -0.004 -45"><span class='ocrx_word' id='word_1_133' title='bbox 518 2677 532 2708; x_wconf 43' lang='grc' dir='ltr'><strong>ο</strong></span> <span class='ocrx_word' id='word_1_134' title='bbox 610 2595 730 2666; x_wconf 85' lang='lat' dir='ltr'><strong>nitatur</strong></span> <span class='ocrx_word' id='word_1_135' title='bbox 752 2599 837 2668; x_wconf 86' lang='lat' dir='ltr'><strong>satis</strong></span> <span class='ocrx_word' id='word_1_136' title='bbox 859 2601 1002 2690; x_wconf 89' lang='lat' dir='ltr'><strong>antiqua,</strong></span> <span class='ocrx_word' id='word_1_137' title='bbox 1026 2620 1133 2688; x_wconf 88' lang='lat' dir='ltr'><strong>neque</strong></span> <span class='ocrx_word' id='word_1_138' title='bbox 1154 2601 1240 2664; x_wconf 90' lang='lat' dir='ltr'><strong>iuste</strong></span> <span class='ocrx_word' id='word_1_139' title='bbox 1253 2621 1284 2670; x_wconf 68' lang='lat' dir='ltr'><strong>,a</strong></span> <span class='ocrx_word' id='word_1_140' title='bbox 1306 2598 1456 2666; x_wconf 83' lang='lat' dir='ltr'><strong>Fabricio</strong></span> <span class='ocrx_word' id='word_1_141' title='bbox 1479 2599 1562 2664; x_wconf 90' lang='lat' dir='ltr'><strong>inter</strong></span> <span class='ocrx_word' id='word_1_142' title='bbox 1585 2597 1704 2664; x_wconf 87' lang='lat' dir='ltr'><strong>dubios</strong></span> <span class='ocrx_word' id='word_1_143' title='bbox 1726 2596 1891 2664; x_wconf 81' lang='lat' dir='ltr'><strong>reseratur.</strong></span> <span class='ocrx_word' id='word_1_144' title='bbox 1931 2594 2048 2680; x_wconf 84' lang='lat' dir='ltr'><strong>Neque</strong></span> <span class='ocrx_word' id='word_1_145' title='bbox 2071 2590 2162 2658; x_wconf 86' lang='lat' dir='ltr'><strong>enirn</strong></span> 
     </span>
    </p>
   </div>
   <div class='ocr_carea' id='block_1_4' title="bbox 488 2715 2159 2812">
    <p class='ocr_par' dir='ltr' id='par_1_4' title="bbox 488 2715 2159 2812">
     <span class='ocr_line' id='line_1_15' title="bbox 488 2715 2159 2812; baseline -0.008 -19"><span class='ocrx_word' id='word_1_146' title='bbox 488 2719 490 2724; x_wconf 69' lang='grc'><strong>’</strong></span> <span class='ocrx_word' id='word_1_147' title='bbox 611 2720 784 2812; x_wconf 81' lang='lat' dir='ltr'><strong>quisquam</strong></span> <span class='ocrx_word' id='word_1_148' title='bbox 812 2721 897 2792; x_wconf 89' lang='lat' dir='ltr'><strong>alius</strong></span> <span class='ocrx_word' id='word_1_149' title='bbox 916 2735 972 2792; x_wconf 83' lang='lat' dir='ltr'><strong>aut</strong></span> <span class='ocrx_word' id='word_1_150' title='bbox 994 2735 1139 2796; x_wconf 86' lang='lat' dir='ltr'><strong>veterum</strong></span> <span class='ocrx_word' id='word_1_151' title='bbox 1163 2735 1219 2790; x_wconf 91' lang='lat' dir='ltr'><strong>aut</strong></span> <span class='ocrx_word' id='word_1_152' title='bbox 1241 2724 1455 2790; x_wconf 85' lang='lat' dir='ltr'><strong>recentiorum</strong></span> <span class='ocrx_word' id='word_1_153' title='bbox 1467 2723 1627 2790; x_wconf 80' lang='lat' dir='ltr'><strong>dubitavit</strong></span> <span class='ocrx_word' id='word_1_154' title='bbox 1638 2733 1765 2810; x_wconf 84' lang='lat' dir='ltr'><strong>praeter</strong></span> <span class='ocrx_word' id='word_1_155' title='bbox 1776 2720 1864 2788; x_wconf 85' lang='lat' dir='ltr'><strong>buno</strong></span> <span class='ocrx_word' id='word_1_156' title='bbox 1876 2733 1910 2788; x_wconf 84' lang='lat' dir='ltr'><strong>et</strong></span> <span class='ocrx_word' id='word_1_157' title='bbox 1921 2715 2159 2800; x_wconf 50' lang='lat' dir='ltr'><strong>(trimanus)</strong></span> 
     </span>
    </p>
   </div>
   <div class='ocr_carea' id='block_1_5' title="bbox 556 2840 2159 4433">
    <p class='ocr_par' dir='ltr' id='par_1_5' title="bbox 556 2840 2159 4433">
     <span class='ocr_line' id='line_1_16' title="bbox 611 2840 2159 2937; baseline -0.003 -25"><span class='ocrx_word' id='word_1_158' title='bbox 611 2846 667 2937; x_wconf 88' lang='lat' dir='ltr'><strong>qui</strong></span> <span class='ocrx_word' id='word_1_159' title='bbox 690 2847 832 2920; x_wconf 79' lang='lat' dir='ltr'><strong>abutitur</strong></span> <span class='ocrx_word' id='word_1_160' title='bbox 854 2847 973 2916; x_wconf 80' lang='lat' dir='ltr'><strong>Galeri</strong></span> <span class='ocrx_word' id='word_1_161' title='bbox 996 2849 1197 2918; x_wconf 82' lang='lat' dir='ltr'><strong>auctoritate.</strong></span> <span class='ocrx_word' id='word_1_162' title='bbox 1244 2846 1311 2934; x_wconf 85' lang='lat' dir='ltr'><strong>Qui</strong></span> <span class='ocrx_word' id='word_1_163' title='bbox 1335 2869 1409 2916; x_wconf 85' lang='lat' dir='ltr'><strong>cum</strong></span> <span class='ocrx_word' id='word_1_164' title='bbox 1431 2849 1683 2931; x_wconf 88' lang='lat' dir='ltr'><strong>animadvertat,</strong></span> <span class='ocrx_word' id='word_1_165' title='bbox 1705 2849 1821 2916; x_wconf 83' lang='lat' dir='ltr'><strong>librum</strong></span> <span class='ocrx_word' id='word_1_166' title='bbox 1844 2857 1923 2933; x_wconf 89' lang='lat' dir='ltr'><strong>post</strong></span> <span class='ocrx_word' id='word_1_167' title='bbox 1946 2840 2159 2930; x_wconf 84' lang='lat' dir='ltr'><strong>Hippocratis</strong></span> 
     </span>
     <span class='ocr_line' id='line_1_17' title="bbox 609 2966 2159 3056; baseline -0.001 -22"><span class='ocrx_word' id='word_1_168' title='bbox 609 2982 745 3036; x_wconf 86' lang='lat' dir='ltr'><strong>mortem</strong></span> <span class='ocrx_word' id='word_1_169' title='bbox 768 2993 847 3038; x_wconf 92' lang='lat' dir='ltr'><strong>esse</strong></span> <span class='ocrx_word' id='word_1_170' title='bbox 869 2973 1002 3056; x_wconf 83' lang='lat' dir='ltr'><strong>editum,</strong></span> <span class='ocrx_word' id='word_1_171' title='bbox 1026 2971 1231 3038; x_wconf 85' lang='lat' dir='ltr'><strong>afiliisvero</strong></span> <span class='ocrx_word' id='word_1_172' title='bbox 1249 2993 1316 3040; x_wconf 91' lang='lat' dir='ltr'><strong>non</strong></span> <span class='ocrx_word' id='word_1_173' title='bbox 1333 2975 1540 3055; x_wconf 87' lang='lat' dir='ltr'><strong>recensitum,</strong></span> <span class='ocrx_word' id='word_1_174' title='bbox 1564 2974 1637 3040; x_wconf 91' lang='lat' dir='ltr'><strong>eius</strong></span> <span class='ocrx_word' id='word_1_175' title='bbox 1655 2972 1879 3042; x_wconf 85' lang='lat' dir='ltr'><strong>auctoritatem</strong></span> <span class='ocrx_word' id='word_1_176' title='bbox 1900 2989 1967 3036; x_wconf 90' lang='lat' dir='ltr'><strong>non</strong></span> <span class='ocrx_word' id='word_1_177' title='bbox 1990 2966 2159 3046; x_wconf 79' lang='lat' dir='ltr'><strong>imminuit,</strong></span> 
     </span>
     <span class='ocr_line' id='line_1_18' title="bbox 610 3069 2157 3183; baseline -0.004 -23"><span class='ocrx_word' id='word_1_178' title='bbox 610 3091 672 3160; x_wconf 76' lang='lat' dir='ltr'><strong>sea</strong></span> <span class='ocrx_word' id='word_1_179' title='bbox 706 3107 815 3182; x_wconf 76' lang='lat' dir='ltr'><strong>auget.</strong></span> <span class='ocrx_word' id='word_1_180' title='bbox 863 3096 969 3182; x_wconf 69' lang='lat' dir='ltr'><strong>(eon</strong></span> <span class='ocrx_word' id='word_1_181' title='bbox 999 3098 1039 3162; x_wconf 89' lang='lat' dir='ltr'><strong>n.</strong></span> <span class='ocrx_word' id='word_1_182' title='bbox 1070 3097 1103 3162; x_wconf 79' lang='lat' dir='ltr'><strong>in</strong></span> <span class='ocrx_word' id='word_1_183' title='bbox 1132 3093 1163 3161; x_wconf 84' lang='lat' dir='ltr'><strong>h.</strong></span> <span class='ocrx_word' id='word_1_184' title='bbox 1192 3095 1215 3160; x_wconf 85' lang='lat' dir='ltr'><strong>t.</strong></span> <span class='ocrx_word' id='word_1_185' title='bbox 1245 3119 1273 3162; x_wconf 83' lang='lat' dir='ltr'><strong>s.</strong></span> <span class='ocrx_word' id='word_1_186' title='bbox 1299 3099 1351 3164; x_wconf 79' lang='lat' dir='ltr'><strong>aa.</strong></span> <span class='ocrx_word' id='word_1_187' title='bbox 1376 3120 1408 3183; x_wconf 82' lang='lat' dir='ltr'><strong>p.</strong></span> <span class='ocrx_word' id='word_1_188' title='bbox 1433 3099 1509 3163; x_wconf 81' lang='lat' dir='ltr'><strong>osa.</strong></span> <span class='ocrx_word' id='word_1_189' title='bbox 1539 3098 1618 3163; x_wconf 75' lang='lat' dir='ltr'><strong>uas.</strong></span> <span class='ocrx_word' id='word_1_190' title='bbox 1642 3098 1684 3164; x_wconf 86' lang='lat' dir='ltr'><strong>v.</strong></span> <span class='ocrx_word' id='word_1_191' title='bbox 1713 3119 1746 3182; x_wconf 84' lang='lat' dir='ltr'><strong>p.</strong></span> <span class='ocrx_word' id='word_1_192' title='bbox 1771 3069 1823 3161; x_wconf 81' lang='lat' dir='ltr'><strong>oa.</strong></span> <span class='ocrx_word' id='word_1_193' title='bbox 1854 3093 1962 3162; x_wconf 76' lang='lat' dir='ltr'><strong>chart.</strong></span> <span class='ocrx_word' id='word_1_194' title='bbox 1985 3091 2058 3158; x_wconf 78' lang='grc' dir='ltr'><strong>ΧΗ.</strong></span> <span class='ocrx_word' id='word_1_195' title='bbox 2083 3089 2157 3154; x_wconf 82' lang='lat' dir='ltr'><strong>roo.</strong></span> 
     </span>
     <span class='ocr_line' id='line_1_19' title="bbox 609 3191 2155 3316; baseline -0.001 -33"><span class='ocrx_word' id='word_1_196' title='bbox 609 3215 706 3284; x_wconf 77' lang='lat' dir='ltr'><strong>rann</strong></span> <span class='ocrx_word' id='word_1_197' title='bbox 730 3220 851 3286; x_wconf 85' lang='lat' dir='ltr'><strong>xv1n.</strong></span> <span class='ocrx_word' id='word_1_198' title='bbox 878 3191 908 3287; x_wconf 81' lang='lat' dir='ltr'><strong>a&#39;.</strong></span> <span class='ocrx_word' id='word_1_199' title='bbox 943 3221 976 3287; x_wconf 75' lang='lat' dir='ltr'><strong>st</strong></span> <span class='ocrx_word' id='word_1_200' title='bbox 998 3221 1090 3287; x_wconf 75' lang='lat' dir='ltr'><strong>com.</strong></span> <span class='ocrx_word' id='word_1_201' title='bbox 1114 3223 1177 3287; x_wconf 77' lang='grc' dir='ltr'><strong>ιιι.</strong></span> <span class='ocrx_word' id='word_1_202' title='bbox 1192 3243 1220 3287; x_wconf 77' lang='lat' dir='ltr'><strong>s.</strong></span> <span class='ocrx_word' id='word_1_203' title='bbox 1245 3223 1298 3287; x_wconf 79' lang='lat' dir='ltr'><strong>as.</strong></span> <span class='ocrx_word' id='word_1_204' title='bbox 1332 3246 1365 3309; x_wconf 79' lang='lat' dir='ltr'><strong>p.</strong></span> <span class='ocrx_word' id='word_1_205' title='bbox 1389 3223 1465 3288; x_wconf 81' lang='lat' dir='ltr'><strong>sor.</strong></span> <span class='ocrx_word' id='word_1_206' title='bbox 1493 3223 1572 3288; x_wconf 75' lang='lat' dir='ltr'><strong>nas.</strong></span> <span class='ocrx_word' id='word_1_207' title='bbox 1607 3245 1639 3308; x_wconf 79' lang='lat' dir='ltr'><strong>p.</strong></span> <span class='ocrx_word' id='word_1_208' title='bbox 1663 3226 1716 3290; x_wconf 82' lang='lat' dir='ltr'><strong>os.</strong></span> <span class='ocrx_word' id='word_1_209' title='bbox 1740 3221 1848 3316; x_wconf 63' lang='lat' dir='ltr'><strong>onas.</strong></span> <span class='ocrx_word' id='word_1_210' title='bbox 1888 3243 1920 3306; x_wconf 79' lang='lat' dir='ltr'><strong>p.</strong></span> <span class='ocrx_word' id='word_1_211' title='bbox 1945 3211 2009 3282; x_wconf 79' lang='lat' dir='ltr'><strong>ars</strong></span> <span class='ocrx_word' id='word_1_212' title='bbox 2032 3215 2155 3298; x_wconf 77' lang='lat' dir='ltr'><strong>naun.)</strong></span> 
     </span>
     <span class='ocr_line' id='line_1_20' title="bbox 609 3331 2155 3432; baseline -0.003 -22"><span class='ocrx_word' id='word_1_213' title='bbox 609 3343 724 3432; x_wconf 87' lang='lat' dir='ltr'><strong>Neque</strong></span> <span class='ocrx_word' id='word_1_214' title='bbox 746 3367 880 3432; x_wconf 88' lang='lat' dir='ltr'><strong>parvam</strong></span> <span class='ocrx_word' id='word_1_215' title='bbox 902 3345 984 3413; x_wconf 93' lang='lat' dir='ltr'><strong>libro</strong></span> <span class='ocrx_word' id='word_1_216' title='bbox 1008 3331 1237 3414; x_wconf 80' lang='lat' dir='ltr'><strong>auctoritatem</strong></span> <span class='ocrx_word' id='word_1_217' title='bbox 1256 3348 1379 3413; x_wconf 91' lang='lat' dir='ltr'><strong>addunt</strong></span> <span class='ocrx_word' id='word_1_218' title='bbox 1400 3346 1526 3432; x_wconf 89' lang='lat' dir='ltr'><strong>aliquot</strong></span> <span class='ocrx_word' id='word_1_219' title='bbox 1542 3347 1730 3422; x_wconf 81' lang='lat' dir='ltr'><strong>Erasistrati</strong></span> <span class='ocrx_word' id='word_1_220' title='bbox 1754 3358 1788 3411; x_wconf 92' lang='lat' dir='ltr'><strong>et</strong></span> <span class='ocrx_word' id='word_1_221' title='bbox 1804 3343 1972 3432; x_wconf 87' lang='lat' dir='ltr'><strong>Herophili</strong></span> <span class='ocrx_word' id='word_1_222' title='bbox 1991 3341 2155 3428; x_wconf 86' lang='lat' dir='ltr'><strong>discipuli,</strong></span> 
     </span>
     <span class='ocr_line' id='line_1_21' title="bbox 609 3445 2156 3556; baseline -0.002 -21"><span class='ocrx_word' id='word_1_223' title='bbox 609 3469 667 3556; x_wconf 89' lang='lat' dir='ltr'><strong>qui</strong></span> <span class='ocrx_word' id='word_1_224' title='bbox 690 3471 731 3536; x_wconf 91' lang='lat' dir='ltr'><strong>de</strong></span> <span class='ocrx_word' id='word_1_225' title='bbox 751 3490 792 3537; x_wconf 93' lang='lat' dir='ltr'><strong>eo</strong></span> <span class='ocrx_word' id='word_1_226' title='bbox 812 3445 1124 3554; x_wconf 57' lang='lat' dir='ltr'><strong>commentati&#39;sunt,</strong></span> <span class='ocrx_word' id='word_1_227' title='bbox 1149 3472 1283 3554; x_wconf 86' lang='lat' dir='ltr'><strong>Zeuxis,</strong></span> <span class='ocrx_word' id='word_1_228' title='bbox 1306 3471 1495 3538; x_wconf 85' lang='lat' dir='ltr'><strong>Heraclides</strong></span> <span class='ocrx_word' id='word_1_229' title='bbox 1509 3459 1715 3556; x_wconf 61' lang='lat' dir='ltr'><strong>Parentinus,</strong></span> <span class='ocrx_word' id='word_1_230' title='bbox 1738 3469 1915 3550; x_wconf 81' lang='lat' dir='ltr'><strong>bacchius,</strong></span> <span class='ocrx_word' id='word_1_231' title='bbox 1939 3481 1973 3534; x_wconf 94' lang='lat' dir='ltr'><strong>et</strong></span> <span class='ocrx_word' id='word_1_232' title='bbox 1989 3478 2156 3553; x_wconf 85' lang='lat' dir='ltr'><strong>praeterea</strong></span> 
     </span>
     <span class='ocr_line' id='line_1_22' title="bbox 608 3591 2153 3680; baseline -0.002 -22"><span class='ocrx_word' id='word_1_233' title='bbox 608 3592 829 3680; x_wconf 79' lang='lat' dir='ltr'><strong>Asclepiades</strong></span> <span class='ocrx_word' id='word_1_234' title='bbox 858 3617 924 3661; x_wconf 92' lang='lat' dir='ltr'><strong>non</strong></span> <span class='ocrx_word' id='word_1_235' title='bbox 952 3595 1054 3661; x_wconf 89' lang='lat' dir='ltr'><strong>multo</strong></span> <span class='ocrx_word' id='word_1_236' title='bbox 1090 3596 1205 3663; x_wconf 91' lang='lat' dir='ltr'><strong>iunior.</strong></span> <span class='ocrx_word' id='word_1_237' title='bbox 1246 3595 1416 3662; x_wconf 86' lang='lat' dir='ltr'><strong>Accedere</strong></span> <span class='ocrx_word' id='word_1_238' title='bbox 1444 3597 1572 3662; x_wconf 83' lang='lat' dir='ltr'><strong>videtur</strong></span> <span class='ocrx_word' id='word_1_239' title='bbox 1601 3595 1822 3663; x_wconf 89' lang='lat' dir='ltr'><strong>testimonium</strong></span> <span class='ocrx_word' id='word_1_240' title='bbox 1849 3593 1979 3660; x_wconf 89' lang='lat' dir='ltr'><strong>Dioclis</strong></span> <span class='ocrx_word' id='word_1_241' title='bbox 2010 3591 2153 3680; x_wconf 80' lang='lat' dir='ltr'><strong>Carystii</strong></span> 
     </span>
     <span class='ocr_line' id='line_1_23' title="bbox 607 3714 2157 3807; baseline 0 -27"><span class='ocrx_word' id='word_1_242' title='bbox 607 3714 710 3782; x_wconf 90' lang='lat' dir='ltr'><strong>multo</strong></span> <span class='ocrx_word' id='word_1_243' title='bbox 734 3719 880 3802; x_wconf 81' lang='lat' dir='ltr'><strong>gravius,</strong></span> <span class='ocrx_word' id='word_1_244' title='bbox 904 3721 960 3807; x_wconf 93' lang='lat' dir='ltr'><strong>qui</strong></span> <span class='ocrx_word' id='word_1_245' title='bbox 983 3721 1026 3785; x_wconf 90' lang='lat' dir='ltr'><strong>ad</strong></span> <span class='ocrx_word' id='word_1_246' title='bbox 1047 3720 1260 3788; x_wconf 86' lang='lat' dir='ltr'><strong>imitationem</strong></span> <span class='ocrx_word' id='word_1_247' title='bbox 1289 3719 1389 3786; x_wconf 88' lang='lat' dir='ltr'><strong>buius</strong></span> <span class='ocrx_word' id='word_1_248' title='bbox 1412 3719 1484 3786; x_wconf 93' lang='lat' dir='ltr'><strong>libri</strong></span> <span class='ocrx_word' id='word_1_249' title='bbox 1507 3722 1664 3807; x_wconf 89' lang='lat' dir='ltr'><strong>scripturn</strong></span> <span class='ocrx_word' id='word_1_250' title='bbox 1687 3719 1804 3786; x_wconf 89' lang='lat' dir='ltr'><strong>similis</strong></span> <span class='ocrx_word' id='word_1_251' title='bbox 1834 3720 2013 3804; x_wconf 85' lang='lat' dir='ltr'><strong>argumenti</strong></span> <span class='ocrx_word' id='word_1_252' title='bbox 2041 3717 2157 3783; x_wconf 89' lang='lat' dir='ltr'><strong>eadem</strong></span> 
     </span>
     <span class='ocr_line' id='line_1_24' title="bbox 556 3821 2156 3930; baseline 0 -24"><span class='ocrx_word' id='word_1_253' title='bbox 556 3821 564 3846; x_wconf 55' lang='lat'>⁸</span> <span class='ocrx_word' id='word_1_254' title='bbox 608 3840 820 3927; x_wconf 87' lang='lat' dir='ltr'><strong>inscriptione</strong></span> <span class='ocrx_word' id='word_1_255' title='bbox 832 3827 1062 3928; x_wconf 56' lang='lat' dir='ltr'><strong>insignirent)</strong></span> <span class='ocrx_word' id='word_1_256' title='bbox 1096 3845 1170 3912; x_wconf 91' lang='lat' dir='ltr'><strong>Hoc</strong></span> <span class='ocrx_word' id='word_1_257' title='bbox 1192 3867 1271 3912; x_wconf 89' lang='lat' dir='ltr'><strong>vero</strong></span> <span class='ocrx_word' id='word_1_258' title='bbox 1294 3845 1516 3910; x_wconf 88' lang='lat' dir='ltr'><strong>testimonium</strong></span> <span class='ocrx_word' id='word_1_259' title='bbox 1540 3845 1709 3911; x_wconf 87' lang='lat' dir='ltr'><strong>evanescit</strong></span> <span class='ocrx_word' id='word_1_260' title='bbox 1730 3845 1916 3911; x_wconf 88' lang='lat' dir='ltr'><strong>accuratius</strong></span> <span class='ocrx_word' id='word_1_261' title='bbox 1938 3855 2156 3930; x_wconf 83' lang='lat' dir='ltr'><strong>perspectum.</strong></span> 
     </span>
     <span class='ocr_line' id='line_1_25' title="bbox 606 3963 2156 4055; baseline -0.001 -23"><span class='ocrx_word' id='word_1_262' title='bbox 606 3965 689 4032; x_wconf 88' lang='lat' dir='ltr'><strong>Nam</strong></span> <span class='ocrx_word' id='word_1_263' title='bbox 719 3963 786 4033; x_wconf 89' lang='lat' dir='ltr'><strong>levi</strong></span> <span class='ocrx_word' id='word_1_264' title='bbox 817 3967 912 4055; x_wconf 92' lang='lat' dir='ltr'><strong>quasi</strong></span> <span class='ocrx_word' id='word_1_265' title='bbox 941 3967 1074 4034; x_wconf 89' lang='lat' dir='ltr'><strong>bracbio</strong></span> <span class='ocrx_word' id='word_1_266' title='bbox 1105 3967 1208 4034; x_wconf 89' lang='lat' dir='ltr'><strong>critici</strong></span> <span class='ocrx_word' id='word_1_267' title='bbox 1241 3970 1327 4036; x_wconf 90' lang='lat' dir='ltr'><strong>banc</strong></span> <span class='ocrx_word' id='word_1_268' title='bbox 1349 3993 1416 4036; x_wconf 88' lang='lat' dir='ltr'><strong>rem</strong></span> <span class='ocrx_word' id='word_1_269' title='bbox 1445 3983 1619 4040; x_wconf 79' lang='lat' dir='ltr'><strong>nactamnt</strong></span> <span class='ocrx_word' id='word_1_270' title='bbox 1642 3969 1727 4036; x_wconf 78' lang='lat' dir='ltr'><strong>salsa</strong></span> <span class='ocrx_word' id='word_1_271' title='bbox 1751 3967 1871 4034; x_wconf 90' lang='lat' dir='ltr'><strong>Galeni</strong></span> <span class='ocrx_word' id='word_1_272' title='bbox 1892 3967 2156 4055; x_wconf 90' lang='lat' dir='ltr'><strong>interpretatione</strong></span> 
     </span>
     <span class='ocr_line' id='line_1_26' title="bbox 606 4089 2155 4181; baseline -0.001 -23"><span class='ocrx_word' id='word_1_273' title='bbox 606 4089 660 4158; x_wconf 83' lang='lat' dir='ltr'><strong>vel</strong></span> <span class='ocrx_word' id='word_1_274' title='bbox 681 4092 782 4158; x_wconf 86' lang='lat' dir='ltr'><strong>nimia</strong></span> <span class='ocrx_word' id='word_1_275' title='bbox 804 4091 887 4158; x_wconf 89' lang='lat' dir='ltr'><strong>inter</strong></span> <span class='ocrx_word' id='word_1_276' title='bbox 908 4091 1083 4179; x_wconf 78' lang='lat' dir='ltr'><strong>legendum</strong></span> <span class='ocrx_word' id='word_1_277' title='bbox 1104 4095 1227 4160; x_wconf 92' lang='lat' dir='ltr'><strong>incuria</strong></span> <span class='ocrx_word' id='word_1_278' title='bbox 1250 4096 1390 4181; x_wconf 89' lang='lat' dir='ltr'><strong>decepti.</strong></span> <span class='ocrx_word' id='word_1_279' title='bbox 1446 4097 1545 4160; x_wconf 80' lang='lat' dir='ltr'><strong>Liber</strong></span> <span class='ocrx_word' id='word_1_280' title='bbox 1568 4095 1652 4161; x_wconf 88' lang='lat' dir='ltr'><strong>enirn</strong></span> <span class='ocrx_word' id='word_1_281' title='bbox 1675 4097 1716 4159; x_wconf 76' lang='lat' dir='ltr'><strong>de</strong></span> <span class='ocrx_word' id='word_1_282' title='bbox 1736 4095 1888 4159; x_wconf 71' lang='lat' dir='ltr'><strong>Articulis</strong></span> <span class='ocrx_word' id='word_1_283' title='bbox 1909 4095 1945 4160; x_wconf 90' lang='lat' dir='ltr'><strong>in</strong></span> <span class='ocrx_word' id='word_1_284' title='bbox 1966 4091 2155 4180; x_wconf 88' lang='lat' dir='ltr'><strong>antiquissi-</strong></span> 
     </span>
     <span class='ocr_line' id='line_1_27' title="bbox 605 4209 2157 4306; baseline -0.001 -24"><span class='ocrx_word' id='word_1_285' title='bbox 605 4215 668 4283; x_wconf 88' lang='lat' dir='ltr'><strong>mis</strong></span> <span class='ocrx_word' id='word_1_286' title='bbox 706 4217 879 4285; x_wconf 90' lang='lat' dir='ltr'><strong>codicibus</strong></span> <span class='ocrx_word' id='word_1_287' title='bbox 908 4240 982 4285; x_wconf 90' lang='lat' dir='ltr'><strong>curn</strong></span> <span class='ocrx_word' id='word_1_288' title='bbox 1010 4217 1066 4285; x_wconf 93' lang='lat' dir='ltr'><strong>illo</strong></span> <span class='ocrx_word' id='word_1_289' title='bbox 1102 4221 1142 4282; x_wconf 77' lang='lat' dir='ltr'><strong>de</strong></span> <span class='ocrx_word' id='word_1_290' title='bbox 1171 4221 1334 4284; x_wconf 62' lang='lat' dir='ltr'><strong>diosna-rt</strong></span> <span class='ocrx_word' id='word_1_291' title='bbox 1363 4219 1481 4286; x_wconf 88' lang='lat' dir='ltr'><strong>Galeni</strong></span> <span class='ocrx_word' id='word_1_292' title='bbox 1510 4209 1654 4305; x_wconf 77' lang='lat' dir='ltr'><strong>ternpore</strong></span> <span class='ocrx_word' id='word_1_293' title='bbox 1683 4241 1784 4286; x_wconf 89' lang='lat' dir='ltr'><strong>unum</strong></span> <span class='ocrx_word' id='word_1_294' title='bbox 1813 4240 1899 4306; x_wconf 90' lang='lat' dir='ltr'><strong>opus</strong></span> <span class='ocrx_word' id='word_1_295' title='bbox 1929 4217 2095 4286; x_wconf 82' lang='lat' dir='ltr'><strong>efficiebat</strong></span> <span class='ocrx_word' id='word_1_296' title='bbox 2122 4229 2157 4284; x_wconf 90' lang='lat' dir='ltr'><strong>et</strong></span> 
     </span>
     <span class='ocr_line' id='line_1_28' title="bbox 605 4329 2154 4433; baseline 0 -23"><span class='ocrx_word' id='word_1_297' title='bbox 605 4345 1035 4432; x_wconf 76' lang='lat' dir='ltr'><strong>ipsumdeofficr‘auidedici</strong></span> <span class='ocrx_word' id='word_1_298' title='bbox 1045 4329 2154 4433; x_wconf 53' lang='lat' dir='ltr'><strong>inscriptumetffippocratiprimo,Gnosi&#39;dteifilio,attributorum</strong></span> 
     </span>
    </p>
   </div>
   <div class='ocr_carea' id='block_1_6' title="bbox 649 4627 2153 5064">
    <p class='ocr_par' dir='ltr' id='par_1_6' title="bbox 649 4627 2153 5064">
     <span class='ocr_line' id='line_1_29' title="bbox 679 4627 1508 4748; baseline 0.004 -35"><span class='ocrx_word' id='word_1_299' title='bbox 679 4659 712 4728; x_wconf 83' lang='grc'><strong>·)</strong></span> <span class='ocrx_word' id='word_1_300' title='bbox 749 4658 937 4728; x_wconf 80' lang='lat' dir='ltr'><strong>Hippocrates</strong></span> <span class='ocrx_word' id='word_1_301' title='bbox 955 4659 1063 4716; x_wconf 84' lang='lat' dir='ltr'><strong>Werka</strong></span> <span class='ocrx_word' id='word_1_302' title='bbox 1083 4661 1234 4748; x_wconf 72' lang='lat' dir='ltr'><strong>⁸iibarretrt</strong></span> <span class='ocrx_word' id='word_1_303' title='bbox 1254 4660 1311 4716; x_wconf 89' lang='grc'><strong>111.</strong></span> <span class='ocrx_word' id='word_1_304' title='bbox 1330 4675 1357 4730; x_wconf 87' lang='lat' dir='ltr'><strong>p.</strong></span> <span class='ocrx_word' id='word_1_305' title='bbox 1378 4665 1442 4716; x_wconf 74' lang='lat' dir='ltr'><strong>bot.</strong></span> <span class='ocrx_word' id='word_1_306' title='bbox 1498 4627 1508 4652; x_wconf 68' lang='lat'><em>⁰</em></span> 
     </span>
     <span class='ocr_line' id='line_1_30' title="bbox 665 4767 2153 4844; baseline -0.003 -20"><span class='ocrx_word' id='word_1_307' title='bbox 665 4771 714 4844; x_wconf 70' lang='lat'><strong>¹¹)</strong></span> <span class='ocrx_word' id='word_1_308' title='bbox 749 4769 944 4828; x_wconf 66' lang='lat' dir='ltr'><strong>Ualentiam.</strong></span> <span class='ocrx_word' id='word_1_309' title='bbox 966 4771 1083 4830; x_wconf 74' lang='lat' dir='ltr'><strong>tien</strong></span> <span class='ocrx_word' id='word_1_310' title='bbox 1103 4773 1122 4830; x_wconf 93' lang='grc'><strong>1.</strong></span> <span class='ocrx_word' id='word_1_311' title='bbox 1158 4791 1186 4844; x_wconf 90' lang='lat' dir='ltr'><strong>p.</strong></span> <span class='ocrx_word' id='word_1_312' title='bbox 1204 4775 1267 4828; x_wconf 75' lang='grc'><strong>681.</strong></span> <span class='ocrx_word' id='word_1_313' title='bbox 1288 4774 1356 4829; x_wconf 84' lang='lat' dir='ltr'><strong>Bar.</strong></span> <span class='ocrx_word' id='word_1_314' title='bbox 1375 4772 1412 4828; x_wconf 81' lang='lat' dir='ltr'><strong>V.</strong></span> <span class='ocrx_word' id='word_1_315' title='bbox 1442 4789 1470 4842; x_wconf 87' lang='lat' dir='ltr'><strong>p.</strong></span> <span class='ocrx_word' id='word_1_316' title='bbox 1491 4779 1515 4828; x_wconf 93' lang='grc'><strong>1.</strong></span> <span class='ocrx_word' id='word_1_317' title='bbox 1535 4773 1632 4834; x_wconf 80' lang='lat' dir='ltr'><strong>Cbart.</strong></span> <span class='ocrx_word' id='word_1_318' title='bbox 1649 4773 1722 4828; x_wconf 75' lang='lat' dir='ltr'><strong>xit.</strong></span> <span class='ocrx_word' id='word_1_319' title='bbox 1758 4776 1861 4843; x_wconf 66' lang='lat' dir='ltr'><strong>pm.</strong></span> <span class='ocrx_word' id='word_1_320' title='bbox 1879 4770 1976 4826; x_wconf 77' lang='lat' dir='ltr'><strong>ll&#39;u&#39;bn.</strong></span> <span class='ocrx_word' id='word_1_321' title='bbox 1993 4767 2109 4823; x_wconf 84' lang='lat' dir='ltr'><strong>xvnr.</strong></span> <span class='ocrx_word' id='word_1_322' title='bbox 2127 4771 2153 4820; x_wconf 80' lang='lat'><em>2</em></span> 
     </span>
     <span class='ocr_line' id='line_1_31' title="bbox 649 4871 2152 4956; baseline -0.005 -17"><span class='ocrx_word' id='word_1_323' title='bbox 649 4883 712 4955; x_wconf 74' lang='lat' dir='ltr'><strong>m)</strong></span> <span class='ocrx_word' id='word_1_324' title='bbox 747 4883 848 4940; x_wconf 80' lang='lat' dir='ltr'><strong>Galea.</strong></span> <span class='ocrx_word' id='word_1_325' title='bbox 872 4883 950 4940; x_wconf 78' lang='lat' dir='ltr'><strong>Cora·</strong></span> <span class='ocrx_word' id='word_1_326' title='bbox 975 4884 999 4939; x_wconf 88' lang='lat'><strong>1.</strong></span> <span class='ocrx_word' id='word_1_327' title='bbox 1025 4883 1054 4940; x_wconf 87' lang='lat' dir='ltr'><strong>lu</strong></span> <span class='ocrx_word' id='word_1_328' title='bbox 1079 4871 1098 4940; x_wconf 78' lang='lat' dir='ltr'><strong>t</strong></span> <span class='ocrx_word' id='word_1_329' title='bbox 1123 4883 1159 4940; x_wconf 78' lang='lat' dir='ltr'><strong>dr</strong></span> <span class='ocrx_word' id='word_1_330' title='bbox 1183 4885 1276 4940; x_wconf 72' lang='lat' dir='ltr'><strong>Fraot.</strong></span> <span class='ocrx_word' id='word_1_331' title='bbox 1308 4901 1337 4956; x_wconf 85' lang='lat' dir='ltr'><strong>p.</strong></span> <span class='ocrx_word' id='word_1_332' title='bbox 1354 4889 1417 4942; x_wconf 69' lang='lat' dir='ltr'><strong>oto.</strong></span> <span class='ocrx_word' id='word_1_333' title='bbox 1434 4885 1502 4941; x_wconf 81' lang='lat' dir='ltr'><strong>Bra.</strong></span> <span class='ocrx_word' id='word_1_334' title='bbox 1519 4886 1557 4941; x_wconf 79' lang='lat' dir='ltr'><strong>V.</strong></span> <span class='ocrx_word' id='word_1_335' title='bbox 1586 4903 1614 4956; x_wconf 80' lang='lat' dir='ltr'><strong>p</strong></span> <span class='ocrx_word' id='word_1_336' title='bbox 1634 4889 1693 4942; x_wconf 74' lang='grc'><strong>1611.</strong></span> <span class='ocrx_word' id='word_1_337' title='bbox 1712 4883 1807 4941; x_wconf 79' lang='lat' dir='ltr'><strong>Gbart·</strong></span> <span class='ocrx_word' id='word_1_338' title='bbox 1824 4883 1901 4939; x_wconf 78' lang='grc'><strong>1111.</strong></span> <span class='ocrx_word' id='word_1_339' title='bbox 1929 4899 1960 4953; x_wconf 72' lang='lat' dir='ltr'><strong>p.</strong></span> <span class='ocrx_word' id='word_1_340' title='bbox 1975 4886 2039 4939; x_wconf 68' lang='lat'><strong>813.</strong></span> <span class='ocrx_word' id='word_1_341' title='bbox 2064 4879 2152 4935; x_wconf 73' lang='lat' dir='ltr'><strong>Kiiba</strong></span> 
     </span>
     <span class='ocr_line' id='line_1_32' title="bbox 742 4989 1767 5064; baseline 0.002 -19"><span class='ocrx_word' id='word_1_342' title='bbox 742 4989 860 5048; x_wconf 77' lang='lat' dir='ltr'><strong>xviri.</strong></span> <span class='ocrx_word' id='word_1_343' title='bbox 876 4997 903 5047; x_wconf 75' lang='lat'><em>2</em></span> <span class='ocrx_word' id='word_1_344' title='bbox 921 4991 1031 5048; x_wconf 70' lang='lat' dir='ltr'><strong>Prrtaa.</strong></span> <span class='ocrx_word' id='word_1_345' title='bbox 1048 4991 1127 5048; x_wconf 81' lang='lat' dir='ltr'><strong>com.</strong></span> <span class='ocrx_word' id='word_1_346' title='bbox 1144 4989 1174 5048; x_wconf 83' lang='lat' dir='ltr'><strong>in</strong></span> <span class='ocrx_word' id='word_1_347' title='bbox 1190 4991 1218 5048; x_wconf 84' lang='lat' dir='ltr'><strong>b·</strong></span> <span class='ocrx_word' id='word_1_348' title='bbox 1234 4993 1253 5048; x_wconf 84' lang='lat' dir='ltr'><strong>l·</strong></span> <span class='ocrx_word' id='word_1_349' title='bbox 1270 4992 1302 5051; x_wconf 90' lang='lat' dir='ltr'><strong>iu</strong></span> <span class='ocrx_word' id='word_1_350' title='bbox 1317 4992 1384 5050; x_wconf 84' lang='lat' dir='ltr'><strong>edit.</strong></span> <span class='ocrx_word' id='word_1_351' title='bbox 1402 4991 1537 5063; x_wconf 83' lang='lat' dir='ltr'><strong>Hippoor·</strong></span> <span class='ocrx_word' id='word_1_352' title='bbox 1554 4993 1637 5050; x_wconf 76' lang='lat' dir='ltr'><strong>Fors.</strong></span> <span class='ocrx_word' id='word_1_353' title='bbox 1658 5011 1685 5064; x_wconf 84' lang='lat' dir='ltr'><strong>p.</strong></span> <span class='ocrx_word' id='word_1_354' title='bbox 1703 4997 1767 5050; x_wconf 81' lang='lat' dir='ltr'><strong>art.</strong></span> 
     </span>
    </p>
   </div>
   <div class='ocr_carea' id='block_1_7' title="bbox 0 0 2410 6089">
    <p class='ocr_par' dir='ltr' id='par_1_7' title="bbox 0 0 2410 6089">
     <span class='ocr_line' id='line_1_33' title="bbox 0 0 2410 6089; baseline 0 0"><span class='ocrx_word' id='word_1_355' title='bbox 0 0 2410 6089; x_wconf 95' lang='lat' dir='ltr'><strong> </strong></span> 
     </span>
    </p>
   </div>
  </div>
 </body>
</html>
