4812 6092
1230 731 1510 788 ...vp-

702 912 767 996 Ut
791 912 849 992 de
877 909 1037 992 ceteris
1064 907 1296 1006 absolvam,
1323 935 1436 1020 quae
1455 934 1568 992 anno
1588 905 1823 1018 praeterito
1845 909 1902 993 ad
1925 937 1995 994 res
2010 909 2151 1024 Gym-

591 1080 699 1168 nasii
728 1074 1044 1190 pertinuerunt.
1093 1069 1349 1160 Scholamm
1379 1075 1488 1158 ratio
1515 1073 1673 1158 eadem
1701 1073 1875 1174 mansit,
1904 1103 2033 1189 qnam
2050 1106 2152 1189 pro-

590 1250 865 1339 miseramus,
902 1267 1046 1352 neque
1082 1237 1319 1354 quidquam
1347 1237 1465 1324 aliud
1494 1255 1707 1328 mutatum
1734 1255 1817 1342 est,
1831 1256 2153 1358 praeterquam

589 1412 707 1527 quod
734 1437 817 1522 pro
844 1403 1037 1490 foederis
1066 1403 1319 1489 Hansentici
1347 1403 1527 1490 historia
1555 1408 1739 1494 traditae
1765 1421 1870 1491 sunt
1896 1435 1968 1494 res
1996 1409 2151 1496 inlda·

589 1605 697 1690 ropn
723 1575 838 1658 iuter
864 1598 1023 1654 annum
1055 1569 1165 1652 1806
1192 1582 1238 1650 et
1268 1569 1377 1652 1814
1405 1585 1569 1682 gestae.
1613 1571 1907 1659 Accesserant
1934 1571 2145 1660 lectiones

589 1737 787 1824 semestri
815 1734 977 1820 aestivo
1005 1733 1178 1818 habitae
1206 1734 1264 1818 de
1293 1749 1562 1822 mercaturae
1591 1737 1848 1836 ratiordbas,
1879 1763 1988 1851 qnae
2009 1737 2141 1824 bodie

588 1902 696 1989 mari
726 1899 897 1986 Bnltico
925 1901 1202 1984 intercedunt
1228 1928 1328 1984 cum
1357 1901 1477 1986 orbis
1496 1915 1707 2031 terrarum
1729 1903 1925 2016 partibus
1944 1903 2001 1988 ad
2027 1906 2141 1990 uoei·

587 2070 764 2156 dentem
784 2064 1078 2180 vergentibus,
1105 2062 1206 2148 illae
1225 2093 1337 2178 quae
1366 2065 1622 2181 supplerent
1648 2069 1768 2182 quod
1797 2083 1898 2153 unte
1928 2068 2043 2154 bunc
2071 2099 2144 2154 au-

588 2261 692 2320 num
729 2243 1065 2317 commentatum
1096 2243 1190 2314 erat
1216 2231 1275 2316 de
1294 2230 1482 2346 legibus,
1510 2234 1670 2346 quibus
1699 2234 1932 2319 novissimo
1948 2249 2147 2349 tempore

587 2411 833 2488 mercatura
860 2397 1067 2482 adstricta
1095 2410 1175 2481 est.

654 2663 658 2672 '
701 2649 859 2735 Restat
887 2661 936 2731 ut
963 2647 1021 2734 de
1041 2647 1195 2732 studiis
1225 2644 1409 2733 referam
1429 2676 1595 2750 eorum,
1623 2648 1782 2763 quibus
1810 2677 1988 2762 operam
2019 2676 2145 2735 aava·

588 2844 684 2900 mus
718 2843 822 2928 prae
859 2811 1018 2899 ceteris
1057 2829 1103 2898 et
1135 2842 1282 2897 curam
1319 2811 1549 2902 tribuimus
1586 2812 1864 2926 peculiarem.
1939 2812 2143 2927 Plerique

588 3009 740 3067 omnes
768 2977 930 3063 sobolis
959 2977 1175 3062 affuerant
1193 2978 1354 3064 assidui
1383 2994 1430 3065 et
1448 2979 1647 3080 studiosi,
1676 3007 1820 3064 mores
1838 2977 1965 3062 nobis
1988 3007 2143 3091 appro-

589 3147 745 3231 barant
774 3147 910 3232 bonos
939 3160 1067 3258 atque
1098 3145 1317 3244 honestos,
1346 3173 1489 3260 neque
1518 3145 1762 3230 desiderari
1792 3145 1908 3258 passi
1938 3159 2039 3229 suat
2065 3147 2144 3229 do-

587 3327 803 3410 cumenta,
832 3311 990 3423 quibus
1020 3311 1257 3425 ingenium,
1285 3311 1498 3396 industria
1516 3311 1758 3395 domesticu
1777 3324 1907 3423 etque
1923 3309 1966 3391 ia
1989 3309 2143 3393 litteris

586 3505 847 3592 progressas
896 3489 1253 3592 agnoscerentur.
1332 3473 1529 3590 Quisque
1578 3503 1728 3560 eorum
1777 3474 1821 3560 in
1862 3472 2143 3557 Academiam

588 3643 848 3726 transiturus
884 3640 1083 3726 exhibuit
1114 3616 1367 3752 specimen,
1405 3631 1523 3754 quad
1564 3638 1694 3726 laude
1724 3637 1899 3751 publica
1926 3636 2146 3723 videretur

588 3806 784 3922 dignum.
839 3804 927 3907 Qui
947 3807 1061 3892 sesto
1091 3807 1333 3906 Pascbatis,
1363 3809 1481 3920 quod
1513 3805 1658 3905 instat,
1688 3803 1834 3887 stadia
1862 3833 1942 3888 sua
1969 3803 2012 3886 in
2032 3803 2146 3887 litte·

589 3999 732 4054 rarum
771 3970 1045 4060 universitate
1082 3973 1286 4088 persequi
1323 3973 1511 4058 animum
1549 3971 1837 4068 induxerunt,
1874 3997 2025 4053 eoram
2061 3969 2145 4053 iam

589 4138 764 4221 nomina
798 4167 854 4223 ex
888 4137 1152 4254 collegeram
1194 4141 1448 4225 auctoritate
1484 4135 1724 4254 proferam,
1766 4132 1982 4219 adiunctis
2019 4163 2146 4247 arga-

590 4305 746 4387 mentis
776 4333 935 4403 rerum,
966 4307 1009 4388 ia
1039 4306 1196 4420 quibus
1226 4305 1507 4390 enucleandis
1537 4304 1693 4390 versati
1722 4300 1912 4386 fuerunt.

590 4523 649 4612 G.
680 4524 965 4612 Bascama
995 4528 1095 4613 Iulii
1126 4525 1189 4611 ll.
1221 4528 1367 4641 Papae
1396 4529 1627 4644 ingenium
1657 4541 1705 4610 et
1736 4525 1828 4612 Res
1857 4524 2072 4638 exposuit.

591 4697 651 4788 Η.
684 4699 733 4788 L.
765 4699 910 4801 Bana
939 4703 983 4788 in
1011 4701 1134 4815 leges
1163 4699 1294 4785 Iulias
1310 4699 1497 4815 Augusti
1523 4703 1581 4788 de
1602 4699 1858 4798 Adulteriis‚
1890 4701 1946 4785 de
1964 4697 2142 4783 Ambitu

755 4884 801 4955 et
828 4872 886 4956 de
917 4869 1146 4958 Maiestate
1174 4881 1242 4954 est
1268 4883 1597 4956 commentatus.
