4812 6092
923 702 1144 766 ..21-

253 907 366 954 comm
383 883 494 952 tahula
510 881 618 952 luisse
635 881 771 963 scimus,
794 880 1186 968 praescriptaiapdmis
1203 879 1347 966 genuina
1365 880 1558 962 contineret,
1581 897 1708 966 eosque
1720 899 1809 948 com·

253 1013 421 1086 montanis
445 1031 523 1078 osse
542 1009 725 1076 incoactos
748 1005 789 1072 ab
803 1003 974 1092 Herophili
996 1005 1231 1074 etErasistrati
1254 1003 1426 1090 discipulis
1449 1003 1597 1072 seeundo
1620 1015 1697 1072 anta
1717 1004 1809 1072 (lhri-

251 1150 340 1208 stam
368 1134 515 1204 saeculo.
566 1134 703 1197 Teredon
725 1132 977 1216 Aptonmm
1005 1133 1117 1196 tuorna
1138 1131 1304 1217 excerpsit
1325 1128 1568 1214 Aristoteles,*)
1592 1129 1634 1196 de
1657 1129 1809 1198 omuibus

251 1273 488 1332 commentatus
519 1269 572 1326 eat
600 1255 855 1342 Herophilos**)
901 1256 986 1324 Post
1020 1277 1095 1324 eum
1131 1256 1262 1344 plurimi
1291 1257 1332 1322 de
1360 1253 1570 1342 Aphorismis
1601 1253 1808 1320 commentati

250 1399 347 1470 sunt,
384 1403 492 1472 oeque
520 1395 629 1450 tarum
657 1379 760 1448 ullum
788 1392 898 1448 exstat
920 1383 1143 1450 testimonium
1172 1401 1214 1448 ec
1237 1381 1423 1468 antiquius,
1453 1401 1519 1468 qao
1543 1379 1664 1446 diserte
1685 1397 1808 1446 memo·

251 1523 340 1580 ratur
362 1511 428 1578 hoc
444 1505 670 1596 Hippocratici
694 1507 818 1594 ingenii
840 1508 1072 1574 documentum
1095 1505 1136 1574 ah
1160 1507 1312 1574 omnihus
1335 1527 1464 1592 semper
1486 1506 1567 1572 tanti
1590 1504 1807 1586 aestimatum,

249 1649 288 1706 ut
310 1639 342 1704 si
366 1647 543 1704 extremam
565 1643 689 1720 partem
712 1644 746 1698 et
766 1631 924 1702 nonnuHa
946 1634 1091 1715 decreta,
1116 1651 1202 1720 quae
1224 1633 1417 1718 interposita
1438 1631 1622 1716 videantur,
1645 1629 1807 1716 excipias,

250 1785 347 1832 nemo
371 1781 516 1850 unquam
539 1758 745 1826 dubitaverit.

342 1933 509 2000 Summam
537 1929 706 1996 doctrinae
734 1927 988 2015 Hippocraticae
1017 1928 1216 2016 significavit
1237 1929 1411 2016 Euripides
1441 1931 1475 1996 in
1496 1927 1691 2014 fragmento,
1722 1936 1808 1994 teste

250 2059 418 2126 Clemente
430 2056 651 2131 Alexandrino
664 2055 818 2122 stromat.
840 2053 899 2120 Vl.
923 2055 966 2122 ed
988 2055 1095 2140 Lugd.
1118 2055 1192 2122 Bat.
1219 2056 1314 2120 1616.
1337 2078 1370 2141 p.
1390 2057 1466 2120 tul.
1490 2053 1533 2120 ed
1551 2053 1656 2120 Ocon.
1676 2075 1708 2138 p.
1722 2053 1806 2116 ott:

246 2175 338 2249 Ἀλλὰ
359 2183 412 2248 καὶ
432 2183 489 2246 τοῦ
510 2183 617 2268 ἰατροῦ
633 2173 857 2266 Ἱπποκράτους
877 2177 1155 2266 ,ῙΕπιβλεπιτν
1184 2166 1255 2246 οὖν
1284 2178 1348 2246 δεῖ
1372 2182 1439 2247 καὶ
1465 2171 1567 2264 allona
1586 2179 1654 2244 καὶ
1679 2169 1808 2264 papho

248 2301 314 2404 acl
332 2298 494 2386 ἡλικίην
513 2302 582 2368 καὶ
602 2293 803 2376 roalcouc“
823 2292 1003 2384 γράφοντος,
1023 2296 1194 2386 Εὐριπίδης
1214 2301 1248 2365 ἰν
1267 2299 1416 2386 ἑξαμέτρῳ
1437 2293 1641 2388 τηρὴοιιψ)
1668 2297 1769 2380 φησὶν

746 2445 814 2521 ὅσοι
834 2453 863 2520 δ’
865 2447 1018 2541 ἰατρεύειν
1037 2449 1186 2534 schole&

616 2569 696 2660 πρὸς
716 2568 772 2650 τὰς
792 2571 913 2650 διαίτας
934 2575 995 2640 τοῖν
1015 2567 1215 2640 ἐνοικούντων
1234 2566 1338 2653 πόλιν,

618 2688 675 2781 τὴν
694 2697 758 2780 γῆν,
770 2689 923 2770 τ’ἰὸὁντος
943 2687 999 2770 τὰς
1019 2687 1129 2770 νόσους
1151 2705 1277 2760 σκοπεῖν
1296 2695 1399 2781 χρέων.

336 2851 416 2936 lpsa
438 2849 649 2936 Hippocratis
671 2852 783 2933 verba,
808 2872 893 2940 quae
918 2849 1070 2917 Clemens
1094 2849 1197 2934 affert,
1221 2867 1416 2939 quamquam
1437 2865 1491 2912 me
1513 2846 1639 2934 legisse
1661 2848 1803 2928 memini,
1884 2907 1892 2926 ,

246 2985 356 3040 tamen
379 2973 437 3039 ubi
459 2973 620 3060 legantur,
643 2979 800 3042 memoria
821 2998 889 3042 non
907 2977 1067 3061 suppetit,
1090 2997 1200 3065 neque
1211 2977 1321 3062 magni
1344 2987 1399 3042 est
1415 2976 1581 3056 momenti,
1605 2995 1678 3040 cum
1694 2994 1804 3061 neque

246 3099 356 3164 omnia
385 3100 541 3183 respiciat
568 3099 762 3186 Euripides,
793 3121 878 3188 quae
907 3101 943 3164 in
971 3101 1037 3167 isto
1068 3101 1144 3168 loco
1173 3101 1397 3186 proferuntur,
1426 3121 1536 3188 neque
1558 3101 1686 3181 omnia,
1717 3119 1804 3186 qttae

246 3221 421 3308 Euripides
457 3219 565 3305 affert,
600 3223 646 3287 ihi
675 3235 902 3292 memorantur.
955 3225 1071 3313 ltaque
1100 3223 1268 3292 Grunerus
1291 3225 1457 3310 Euripidis
1486 3225 1586 3290 verha
1621 3225 1664 3292 ad
1693 3223 1803 3288 dinan

246 3349 287 3410 de
322 3348 426 3424 Aere,
461 3347 558 3410 mu
586 3361 619 3410 et
647 3350 747 3432 Apum
775 3361 943 3434 spectare,
979 3371 1048 3415 non
1077 3349 1193 3416 iniuria
1216 3351 1370 3432 credidit,
1405 3371 1515 3438 neque
1550 3351 1636 3415 enim
1671 3351 1706 3415 in
1734 3349 1802 3414 ulio

246 3471 328 3538 libro
351 3483 455 3538 temne
478 3483 593 3538 natura
612 3481 646 3538 et
667 3472 776 3540 victrrs
798 3475 882 3540 ratio
901 3485 966 3541 tam
984 3487 1072 3540 arcte
1096 3475 1290 3541 coniunctae
1314 3484 1349 3540 et
1370 3473 1488 3540 iisdem
1510 3473 1578 3539 fere
1600 3473 1709 3540 verbis
1733 3475 1801 3558 sig·

245 3597 398 3664 nificatae
421 3599 632 3684 reperiuntur.
684 3599 859 3684 Euripides
889 3620 968 3666 vero
1000 3599 1102 3665 trihus
1125 3600 1221 3666 annis
1244 3611 1421 3688 postquam
1442 3600 1592 3666 Athenas
1614 3599 1801 3688 reliquerat,

243 3725 278 3790 in
300 3725 495 3790 Macedonia
517 3745 548 3790 a
575 3725 639 3787 tut
663 3737 812 3792 mortuus
835 3738 898 3792 est.
943 3727 1018 3792 Nisi
1039 3725 1123 3793 forte
1147 3745 1188 3790 eu
1211 3723 1337 3808 ultima,
1361 3745 1459 3813 qrram
1481 3727 1648 3808 docuerat,
1670 3737 1800 3812 tragoe-

244 3849 311 3931 dia,
336 3849 419 3916 illud
442 3851 666 3934 depromptum
689 3871 868 3936 ponamus,
898 3850 1048 3938 pluribus
1078 3852 1174 3918 annis
1197 3861 1274 3917 ante
1297 3871 1417 3917 annum
1440 3851 1505 3914 410
1528 3850 1739 3937 Hippocratis
1762 3853 1800 3914 la·-

244 3973 330 4036 tran
359 3975 399 4036 de
428 3975 513 4038 Aere
542 3975 639 4038 Loca‘e
668 3987 700 4038 et
723 3977 822 4061 Aqac’a
844 3975 985 4043 Athenis
1009 3977 1153 4043 omnirun
1173 3975 1325 4043 manibus
1347 3986 1513 4042 versatum
1536 3985 1594 4041 aut
1616 3977 1732 4040 eadem
1758 3975 1800 4039 de

246 4117 281 4162 re
311 4097 353 4163 ah
371 4097 572 4186 Hippocrate
594 4099 726 4187 puhhce
749 4103 950 4189 disputatum
974 4124 1052 4170 csse
1074 4103 1235 4170 videmos.
1272 4101 1468 4169 Accuratius
1491 4111 1621 4185 tempus
1645 4098 1800 4166 editionis
1834 4069 1836 4076 Ι

312 4421 347 4494 *)
382 4421 468 4477 Initio
487 4419 570 4490 primi
587 4421 652 4476 libri
671 4421 900 4480 l’rohlcmatum.¹

303 4557 347 4629 ¹⁶)
382 4556 484 4612 aden.
502 4555 610 4610 Gomm
629 4553 666 4608 ed
683 4555 757 4624 Aph.
776 4556 846 4612 Vll.
865 4563 910 4614 70.

277 4697 341 4768 aaa)
376 4693 411 4750 ln
429 4695 473 4750 his
491 4693 607 4750 vocibus
630 4691 781 4772 ἑξαμέτρῳ
800 4683 926 4774 τηρήσει
951 4696 1076 4766 prolecto
1100 4697 1283 4769 depravatum
1307 4699 1376 4754 latet
1399 4699 1560 4770 oagoodac
1583 4716 1702 4768 οοιοοος
1719 4696 1797 4756 nihili

383 4822 428 4872 est
444 4815 603 4872 emendatio
612 4813 769 4880 Dindorffii,
787 4813 836 4885 qui
854 4814 958 4871 omiaao
975 4817 1050 4895 φησί
1071 4817 1170 4872 scribit
1186 4813 1335 4898 ἑξαμέτρῳ
1354 4810 1467 4900 χρήσει.

310 4969 349 5040 †)
384 4970 506 5042 Sylborg
523 4973 553 5028 in
573 4972 679 5030 hnuott
696 4971 732 5028 ad
751 4972 778 5026 h.
797 4971 1012 5027 lectitandum
1031 4973 1192 5044 proposuit:
1212 4960 1280 5034 ὅσοι
1296 4963 1476 5060 δ’ῑατρτύτιν
1485 4967 1795 5057 θολὴοουοινκολᾶς.
