<?xml version="1.0" encoding="UTF-8"?>
<!DOCTYPE html PUBLIC "-//W3C//DTD XHTML 1.0 Transitional//EN"
    "http://www.w3.org/TR/xhtml1/DTD/xhtml1-transitional.dtd">
<html xmlns="http://www.w3.org/1999/xhtml" xml:lang="en" lang="en">
 <head>
  <title>
</title>
<meta http-equiv="Content-Type" content="text/html;charset=utf-8" />
  <meta name='ocr-system' content='tesseract 3.04.00' />
  <meta name='ocr-capabilities' content='ocr_page ocr_carea ocr_par ocr_line ocrx_word'/>
</head>
<body>
  <div class='ocr_page' id='page_1' title='image "./hippocratisnomi00petegoog_0016.png"; bbox 0 0 4812 6092; ppageno 0'>
   <div class='ocr_carea' id='block_1_1' title="bbox 247 2251 1805 2877">
    <p class='ocr_par' dir='ltr' id='par_1_1' title="bbox 247 2251 1805 2877">
     <span class='ocr_line' id='line_1_1' title="bbox 343 2251 1803 2372; baseline 0 -21"><span class='ocrx_word' id='word_1_1' title='bbox 343 2251 431 2355; x_wconf 68' lang='lat' dir='ltr'><strong>Ars</strong></span> <span class='ocrx_word' id='word_1_2' title='bbox 451 2286 564 2352; x_wconf 70' lang='lat' dir='ltr'><strong>entier</strong></span> <span class='ocrx_word' id='word_1_3' title='bbox 590 2285 739 2372; x_wconf 76' lang='lat' dir='ltr'><strong>quamvis</strong></span> <span class='ocrx_word' id='word_1_4' title='bbox 757 2305 778 2351; x_wconf 74' lang='lat' dir='ltr'><strong>a</strong></span> <span class='ocrx_word' id='word_1_5' title='bbox 795 2283 892 2350; x_wconf 74' lang='lat' dir='ltr'><strong>tusis</strong></span> <span class='ocrx_word' id='word_1_6' title='bbox 910 2301 999 2364; x_wconf 73' lang='lat' dir='ltr'><strong>ven,</strong></span> <span class='ocrx_word' id='word_1_7' title='bbox 1024 2281 1163 2348; x_wconf 64' lang='lat' dir='ltr'><strong>auersa</strong></span> <span class='ocrx_word' id='word_1_8' title='bbox 1183 2280 1282 2347; x_wconf 72' lang='lat' dir='ltr'><strong>nuta</strong></span> <span class='ocrx_word' id='word_1_9' title='bbox 1304 2281 1503 2364; x_wconf 64' lang='lat' dir='ltr'><strong>ursonem,</strong></span> <span class='ocrx_word' id='word_1_10' title='bbox 1525 2283 1633 2348; x_wconf 74' lang='lat' dir='ltr'><strong>omna</strong></span> <span class='ocrx_word' id='word_1_11' title='bbox 1655 2284 1803 2356; x_wconf 70' lang='lat' dir='ltr'><strong>venons</strong></span> 
     </span>
     <span class='ocr_line' id='line_1_2' title="bbox 251 2405 1803 2496; baseline -0.004 -16"><span class='ocrx_word' id='word_1_12' title='bbox 251 2415 326 2484; x_wconf 86' lang='lat' dir='ltr'><strong>luce</strong></span> <span class='ocrx_word' id='word_1_13' title='bbox 351 2410 557 2494; x_wconf 82' lang='lat' dir='ltr'>collustrare,</span> <span class='ocrx_word' id='word_1_14' title='bbox 582 2409 679 2476; x_wconf 85' lang='lat' dir='ltr'><strong>fucos</strong></span> <span class='ocrx_word' id='word_1_15' title='bbox 704 2431 783 2476; x_wconf 88' lang='lat' dir='ltr'><strong>vero</strong></span> <span class='ocrx_word' id='word_1_16' title='bbox 803 2410 991 2494; x_wconf 83' lang='lat' dir='ltr'><strong>abstergere</strong></span> <span class='ocrx_word' id='word_1_17' title='bbox 1014 2419 1114 2496; x_wconf 89' lang='lat' dir='ltr'><strong>atque</strong></span> <span class='ocrx_word' id='word_1_18' title='bbox 1138 2407 1311 2492; x_wconf 83' lang='lat' dir='ltr'><strong>captiones</strong></span> <span class='ocrx_word' id='word_1_19' title='bbox 1335 2405 1501 2472; x_wconf 89' lang='lat' dir='ltr'><strong>discutere</strong></span> <span class='ocrx_word' id='word_1_20' title='bbox 1522 2407 1729 2492; x_wconf 87' lang='lat' dir='ltr'><strong>propositum</strong></span> <span class='ocrx_word' id='word_1_21' title='bbox 1745 2408 1803 2474; x_wconf 85' lang='lat' dir='ltr'><strong>ha·</strong></span> 
     </span>
     <span class='ocr_line' id='line_1_3' title="bbox 249 2530 1803 2622; baseline -0.001 -20"><span class='ocrx_word' id='word_1_22' title='bbox 249 2537 336 2618; x_wconf 88' lang='lat' dir='ltr'><strong>beat,</strong></span> <span class='ocrx_word' id='word_1_23' title='bbox 360 2537 496 2622; x_wconf 89' lang='lat' dir='ltr'><strong>saepius</strong></span> <span class='ocrx_word' id='word_1_24' title='bbox 521 2545 628 2598; x_wconf 88' lang='lat' dir='ltr'><strong>tamen</strong></span> <span class='ocrx_word' id='word_1_25' title='bbox 658 2555 712 2598; x_wconf 89' lang='lat' dir='ltr'><strong>res</strong></span> <span class='ocrx_word' id='word_1_26' title='bbox 735 2533 875 2614; x_wconf 86' lang='lat' dir='ltr'><strong>turbare,</strong></span> <span class='ocrx_word' id='word_1_27' title='bbox 905 2555 1018 2600; x_wconf 88' lang='lat' dir='ltr'><strong>verum</strong></span> <span class='ocrx_word' id='word_1_28' title='bbox 1041 2531 1245 2599; x_wconf 86' lang='lat' dir='ltr'><strong>abscondere</strong></span> <span class='ocrx_word' id='word_1_29' title='bbox 1269 2541 1303 2598; x_wconf 89' lang='lat' dir='ltr'><strong>et</strong></span> <span class='ocrx_word' id='word_1_30' title='bbox 1325 2531 1439 2597; x_wconf 82' lang='lat' dir='ltr'><strong>afferre</strong></span> <span class='ocrx_word' id='word_1_31' title='bbox 1462 2530 1710 2618; x_wconf 77' lang='lat' dir='ltr'><strong>dubitationem,</strong></span> <span class='ocrx_word' id='word_1_32' title='bbox 1733 2555 1803 2600; x_wconf 90' lang='lat' dir='ltr'><strong>non</strong></span> 
     </span>
     <span class='ocr_line' id='line_1_4' title="bbox 247 2653 1804 2747; baseline -0.001 -21"><span class='ocrx_word' id='word_1_33' title='bbox 247 2659 361 2726; x_wconf 90' lang='lat' dir='ltr'><strong>tollere</strong></span> <span class='ocrx_word' id='word_1_34' title='bbox 385 2657 481 2726; x_wconf 88' lang='lat' dir='ltr'><strong>solet.</strong></span> <span class='ocrx_word' id='word_1_35' title='bbox 531 2655 642 2744; x_wconf 85' lang='lat' dir='ltr'><strong>Quare</strong></span> <span class='ocrx_word' id='word_1_36' title='bbox 671 2655 759 2724; x_wconf 88' lang='lat' dir='ltr'><strong>hano</strong></span> <span class='ocrx_word' id='word_1_37' title='bbox 782 2658 942 2726; x_wconf 87' lang='lat' dir='ltr'><strong>rationem</strong></span> <span class='ocrx_word' id='word_1_38' title='bbox 966 2669 1000 2726; x_wconf 89' lang='lat' dir='ltr'><strong>et</strong></span> <span class='ocrx_word' id='word_1_39' title='bbox 1023 2660 1122 2741; x_wconf 69' lang='lat' dir='ltr'><strong>mam,</strong></span> <span class='ocrx_word' id='word_1_40' title='bbox 1151 2679 1249 2747; x_wconf 86' lang='lat' dir='ltr'><strong>quam</strong></span> <span class='ocrx_word' id='word_1_41' title='bbox 1272 2657 1382 2725; x_wconf 89' lang='lat' dir='ltr'><strong>lucem</strong></span> <span class='ocrx_word' id='word_1_42' title='bbox 1406 2653 1590 2724; x_wconf 79' lang='lat' dir='ltr'><strong>salutamus</strong></span> <span class='ocrx_word' id='word_1_43' title='bbox 1615 2655 1804 2742; x_wconf 87' lang='lat' dir='ltr'><strong>litterarum,</strong></span> 
     </span>
     <span class='ocr_line' id='line_1_5' title="bbox 248 2779 1805 2877; baseline 0 -27"><span class='ocrx_word' id='word_1_44' title='bbox 248 2805 377 2850; x_wconf 88' lang='lat' dir='ltr'><strong>crucem</strong></span> <span class='ocrx_word' id='word_1_45' title='bbox 400 2783 561 2848; x_wconf 88' lang='lat' dir='ltr'><strong>interdum</strong></span> <span class='ocrx_word' id='word_1_46' title='bbox 583 2779 753 2867; x_wconf 86' lang='lat' dir='ltr'><strong>appellare</strong></span> <span class='ocrx_word' id='word_1_47' title='bbox 775 2780 866 2849; x_wconf 81' lang='lat' dir='ltr'><strong>licet</strong></span> <span class='ocrx_word' id='word_1_48' title='bbox 913 2783 1001 2851; x_wconf 86' lang='lat' dir='ltr'><strong>Suos</strong></span> <span class='ocrx_word' id='word_1_49' title='bbox 1021 2783 1272 2851; x_wconf 81' lang='lat' dir='ltr'><strong>vicissitudines</strong></span> <span class='ocrx_word' id='word_1_50' title='bbox 1288 2781 1413 2848; x_wconf 83' lang='lat' dir='ltr'><strong>habent</strong></span> <span class='ocrx_word' id='word_1_51' title='bbox 1430 2779 1575 2848; x_wconf 84' lang='lat' dir='ltr'><strong>litterae:</strong></span> <span class='ocrx_word' id='word_1_52' title='bbox 1600 2803 1704 2877; x_wconf 81' lang='lat' dir='ltr'><strong>saepe</strong></span> <span class='ocrx_word' id='word_1_53' title='bbox 1718 2781 1805 2850; x_wconf 83' lang='lat' dir='ltr'><strong>salsa</strong></span> 
     </span>
    </p>
   </div>
   <div class='ocr_carea' id='block_1_2' title="bbox 247 2907 1809 3901">
    <p class='ocr_par' dir='ltr' id='par_1_2' title="bbox 247 2907 1808 3742">
     <span class='ocr_line' id='line_1_6' title="bbox 247 2907 1804 2995; baseline -0.001 -19"><span class='ocrx_word' id='word_1_54' title='bbox 247 2909 344 2976; x_wconf 89' lang='lat' dir='ltr'><strong>crisis</strong></span> <span class='ocrx_word' id='word_1_55' title='bbox 367 2907 500 2994; x_wconf 87' lang='lat' dir='ltr'><strong>species</strong></span> <span class='ocrx_word' id='word_1_56' title='bbox 524 2907 672 2974; x_wconf 88' lang='lat' dir='ltr'><strong>veritatis</strong></span> <span class='ocrx_word' id='word_1_57' title='bbox 695 2910 840 2976; x_wconf 87' lang='lat' dir='ltr'><strong>studium</strong></span> <span class='ocrx_word' id='word_1_58' title='bbox 869 2912 1060 2992; x_wconf 86' lang='lat' dir='ltr'><strong>ementitur,</strong></span> <span class='ocrx_word' id='word_1_59' title='bbox 1091 2930 1195 2995; x_wconf 86' lang='lat' dir='ltr'><strong>saepe</strong></span> <span class='ocrx_word' id='word_1_60' title='bbox 1223 2907 1291 2973; x_wconf 90' lang='lat' dir='ltr'><strong>hoc</strong></span> <span class='ocrx_word' id='word_1_61' title='bbox 1320 2907 1429 2993; x_wconf 88' lang='lat' dir='ltr'><strong>ipsum</strong></span> <span class='ocrx_word' id='word_1_62' title='bbox 1458 2907 1574 2972; x_wconf 85' lang='lat' dir='ltr'><strong>incidit</strong></span> <span class='ocrx_word' id='word_1_63' title='bbox 1596 2909 1630 2972; x_wconf 89' lang='lat' dir='ltr'><strong>in</strong></span> <span class='ocrx_word' id='word_1_64' title='bbox 1653 2928 1804 2988; x_wconf 85' lang='lat' dir='ltr'><strong>errorem,</strong></span> 
     </span>
     <span class='ocr_line' id='line_1_7' title="bbox 248 3029 1806 3122; baseline 0.002 -27"><span class='ocrx_word' id='word_1_65' title='bbox 248 3033 309 3097; x_wconf 82' lang='lat' dir='ltr'><strong>sed</strong></span> <span class='ocrx_word' id='word_1_66' title='bbox 333 3035 490 3116; x_wconf 73' lang='lat' dir='ltr'><strong>„effulqot</strong></span> <span class='ocrx_word' id='word_1_67' title='bbox 514 3034 651 3097; x_wconf 70' lang='lat' dir='ltr'><strong>tenebris</strong></span> <span class='ocrx_word' id='word_1_68' title='bbox 673 3035 799 3098; x_wconf 69' lang='lat' dir='ltr'><strong>Amara</strong></span> <span class='ocrx_word' id='word_1_69' title='bbox 818 3039 981 3120; x_wconf 76' lang='lat' dir='ltr'><strong>suqute&#39;c“.</strong></span> <span class='ocrx_word' id='word_1_70' title='bbox 1027 3033 1136 3122; x_wconf 80' lang='lat' dir='ltr'><strong>Quam</strong></span> <span class='ocrx_word' id='word_1_71' title='bbox 1164 3032 1291 3099; x_wconf 81' lang='lat' dir='ltr'><strong>lubrica</strong></span> <span class='ocrx_word' id='word_1_72' title='bbox 1320 3042 1355 3096; x_wconf 81' lang='lat' dir='ltr'><strong>et</strong></span> <span class='ocrx_word' id='word_1_73' title='bbox 1388 3029 1492 3097; x_wconf 80' lang='lat' dir='ltr'><strong>fallax</strong></span> <span class='ocrx_word' id='word_1_74' title='bbox 1521 3031 1671 3097; x_wconf 76' lang='lat' dir='ltr'><strong>videatur</strong></span> <span class='ocrx_word' id='word_1_75' title='bbox 1699 3032 1806 3115; x_wconf 70' lang='lat' dir='ltr'><strong>misia,</strong></span> 
     </span>
     <span class='ocr_line' id='line_1_8' title="bbox 248 3153 1807 3248; baseline 0.004 -31"><span class='ocrx_word' id='word_1_76' title='bbox 248 3155 393 3220; x_wconf 87' lang='lat' dir='ltr'><strong>omniurn</strong></span> <span class='ocrx_word' id='word_1_77' title='bbox 414 3156 555 3222; x_wconf 73' lang='lat' dir='ltr'><strong>marimo</strong></span> <span class='ocrx_word' id='word_1_78' title='bbox 577 3159 754 3224; x_wconf 90' lang='lat' dir='ltr'><strong>ostendunt</strong></span> <span class='ocrx_word' id='word_1_79' title='bbox 771 3157 831 3242; x_wconf 93' lang='lat' dir='ltr'><strong>illi,</strong></span> <span class='ocrx_word' id='word_1_80' title='bbox 855 3161 912 3248; x_wconf 85' lang='lat' dir='ltr'><strong>qui</strong></span> <span class='ocrx_word' id='word_1_81' title='bbox 936 3161 977 3226; x_wconf 88' lang='lat' dir='ltr'><strong>de</strong></span> <span class='ocrx_word' id='word_1_82' title='bbox 1001 3157 1155 3224; x_wconf 85' lang='lat' dir='ltr'><strong>librorum</strong></span> <span class='ocrx_word' id='word_1_83' title='bbox 1167 3157 1471 3243; x_wconf 87' lang='lat' dir='ltr'><strong>Hippocraticomm</strong></span> <span class='ocrx_word' id='word_1_84' title='bbox 1481 3153 1547 3222; x_wconf 85' lang='lat' dir='ltr'><strong>lide</strong></span> <span class='ocrx_word' id='word_1_85' title='bbox 1562 3167 1596 3222; x_wconf 89' lang='lat' dir='ltr'><strong>et</strong></span> <span class='ocrx_word' id='word_1_86' title='bbox 1613 3158 1807 3227; x_wconf 85' lang='lat' dir='ltr'><strong>auctoritate</strong></span> 
     </span>
     <span class='ocr_line' id='line_1_9' title="bbox 250 3279 1806 3368; baseline 0.002 -25"><span class='ocrx_word' id='word_1_87' title='bbox 250 3279 459 3363; x_wconf 88' lang='lat' dir='ltr'><strong>scripserunt.</strong></span> <span class='ocrx_word' id='word_1_88' title='bbox 518 3281 592 3346; x_wconf 92' lang='lat' dir='ltr'><strong>Uno</strong></span> <span class='ocrx_word' id='word_1_89' title='bbox 616 3282 748 3368; x_wconf 88' lang='lat' dir='ltr'><strong>quidem</strong></span> <span class='ocrx_word' id='word_1_90' title='bbox 771 3303 827 3348; x_wconf 89' lang='lat' dir='ltr'><strong>ore</strong></span> <span class='ocrx_word' id='word_1_91' title='bbox 851 3285 959 3348; x_wconf 89' lang='lat' dir='ltr'><strong>cuncti</strong></span> <span class='ocrx_word' id='word_1_92' title='bbox 982 3281 1120 3348; x_wconf 90' lang='lat' dir='ltr'><strong>laudant</strong></span> <span class='ocrx_word' id='word_1_93' title='bbox 1140 3281 1351 3366; x_wconf 84' lang='lat' dir='ltr'><strong>Hippocratis</strong></span> <span class='ocrx_word' id='word_1_94' title='bbox 1375 3280 1566 3360; x_wconf 84' lang='lat' dir='ltr'><strong>doctrinam,</strong></span> <span class='ocrx_word' id='word_1_95' title='bbox 1590 3280 1717 3345; x_wconf 90' lang='lat' dir='ltr'><strong>sedne</strong></span> <span class='ocrx_word' id='word_1_96' title='bbox 1740 3283 1806 3346; x_wconf 91' lang='lat' dir='ltr'><strong>duo</strong></span> 
     </span>
     <span class='ocr_line' id='line_1_10' title="bbox 250 3401 1806 3491; baseline 0 -24"><span class='ocrx_word' id='word_1_97' title='bbox 250 3403 381 3490; x_wconf 87' lang='lat' dir='ltr'><strong>quidem</strong></span> <span class='ocrx_word' id='word_1_98' title='bbox 406 3405 543 3472; x_wconf 87' lang='lat' dir='ltr'><strong>eosdem</strong></span> <span class='ocrx_word' id='word_1_99' title='bbox 565 3403 666 3471; x_wconf 84' lang='lat' dir='ltr'><strong>libros</strong></span> <span class='ocrx_word' id='word_1_100' title='bbox 685 3408 860 3490; x_wconf 85' lang='lat' dir='ltr'><strong>genuinos,</strong></span> <span class='ocrx_word' id='word_1_101' title='bbox 885 3406 1021 3472; x_wconf 90' lang='lat' dir='ltr'><strong>eosdem</strong></span> <span class='ocrx_word' id='word_1_102' title='bbox 1033 3407 1166 3491; x_wconf 84' lang='lat' dir='ltr'><strong>spurios</strong></span> <span class='ocrx_word' id='word_1_103' title='bbox 1178 3404 1333 3470; x_wconf 87' lang='lat' dir='ltr'><strong>iudicant.</strong></span> <span class='ocrx_word' id='word_1_104' title='bbox 1380 3401 1470 3487; x_wconf 73' lang='lat' dir='ltr'><strong>Quiri</strong></span> <span class='ocrx_word' id='word_1_105' title='bbox 1483 3402 1616 3468; x_wconf 87' lang='lat' dir='ltr'><strong>omnino</strong></span> <span class='ocrx_word' id='word_1_106' title='bbox 1629 3403 1806 3488; x_wconf 87' lang='lat' dir='ltr'><strong>desperan-</strong></span> 
     </span>
     <span class='ocr_line' id='line_1_11' title="bbox 249 3525 1808 3617; baseline -0.002 -23"><span class='ocrx_word' id='word_1_107' title='bbox 249 3530 326 3594; x_wconf 87' lang='lat' dir='ltr'><strong>dum</strong></span> <span class='ocrx_word' id='word_1_108' title='bbox 349 3541 412 3610; x_wconf 86' lang='lat' dir='ltr'><strong>est,</strong></span> <span class='ocrx_word' id='word_1_109' title='bbox 436 3529 466 3594; x_wconf 93' lang='lat' dir='ltr'><strong>si</strong></span> <span class='ocrx_word' id='word_1_110' title='bbox 489 3529 610 3595; x_wconf 83' lang='lat' dir='ltr'><strong>Linkio</strong></span> <span class='ocrx_word' id='word_1_111' title='bbox 634 3529 732 3595; x_wconf 89' lang='lat' dir='ltr'><strong>fidem</strong></span> <span class='ocrx_word' id='word_1_112' title='bbox 753 3527 925 3612; x_wconf 87' lang='lat' dir='ltr'><strong>habemus,</strong></span> <span class='ocrx_word' id='word_1_113' title='bbox 948 3531 1109 3616; x_wconf 83' lang='lat' dir='ltr'><strong>arguenti,</strong></span> <span class='ocrx_word' id='word_1_114' title='bbox 1132 3552 1175 3595; x_wconf 91' lang='lat' dir='ltr'><strong>ne</strong></span> <span class='ocrx_word' id='word_1_115' title='bbox 1198 3549 1300 3596; x_wconf 92' lang='lat' dir='ltr'><strong>unum</strong></span> <span class='ocrx_word' id='word_1_116' title='bbox 1318 3528 1451 3617; x_wconf 90' lang='lat' dir='ltr'><strong>quidem</strong></span> <span class='ocrx_word' id='word_1_117' title='bbox 1469 3525 1585 3592; x_wconf 85' lang='lat' dir='ltr'><strong>librum</strong></span> <span class='ocrx_word' id='word_1_118' title='bbox 1596 3526 1808 3613; x_wconf 88' lang='lat' dir='ltr'><strong>superstitem</strong></span> 
     </span>
     <span class='ocr_line' id='line_1_12' title="bbox 250 3653 1382 3742; baseline 0 -23"><span class='ocrx_word' id='word_1_119' title='bbox 250 3675 340 3734; x_wconf 81' lang='lat' dir='ltr'><strong>csse,</strong></span> <span class='ocrx_word' id='word_1_120' title='bbox 365 3655 421 3742; x_wconf 88' lang='lat' dir='ltr'><strong>qui</strong></span> <span class='ocrx_word' id='word_1_121' title='bbox 445 3655 528 3722; x_wconf 79' lang='lat' dir='ltr'><strong>satis</strong></span> <span class='ocrx_word' id='word_1_122' title='bbox 552 3665 642 3720; x_wconf 87' lang='lat' dir='ltr'><strong>certo</strong></span> <span class='ocrx_word' id='word_1_123' title='bbox 665 3673 784 3740; x_wconf 69' lang='lat' dir='ltr'><strong>magno</strong></span> <span class='ocrx_word' id='word_1_124' title='bbox 807 3653 860 3723; x_wconf 90' lang='lat' dir='ltr'><strong>illi</strong></span> <span class='ocrx_word' id='word_1_125' title='bbox 882 3655 1012 3720; x_wconf 86' lang='lat' dir='ltr'><strong>medico</strong></span> <span class='ocrx_word' id='word_1_126' title='bbox 1034 3655 1193 3720; x_wconf 84' lang='lat' dir='ltr'><strong>vindicari</strong></span> <span class='ocrx_word' id='word_1_127' title='bbox 1216 3654 1382 3740; x_wconf 73' lang='lat' dir='ltr'><strong>possit.*)</strong></span> 
     </span>
    </p>

    <p class='ocr_par' dir='ltr' id='par_1_3' title="bbox 339 3811 1809 3901">
     <span class='ocr_line' id='line_1_13' title="bbox 339 3811 1809 3901; baseline 0 -23"><span class='ocrx_word' id='word_1_128' title='bbox 339 3813 427 3881; x_wconf 85' lang='lat' dir='ltr'><strong>Sane</strong></span> <span class='ocrx_word' id='word_1_129' title='bbox 449 3815 630 3882; x_wconf 91' lang='lat' dir='ltr'><strong>mirandum</strong></span> <span class='ocrx_word' id='word_1_130' title='bbox 652 3827 716 3899; x_wconf 88' lang='lat' dir='ltr'><strong>est,</strong></span> <span class='ocrx_word' id='word_1_131' title='bbox 735 3817 808 3882; x_wconf 90' lang='lat' dir='ltr'><strong>eius</strong></span> <span class='ocrx_word' id='word_1_132' title='bbox 832 3816 1097 3883; x_wconf 87' lang='lat' dir='ltr'><strong>dissertationem</strong></span> <span class='ocrx_word' id='word_1_133' title='bbox 1116 3817 1257 3898; x_wconf 88' lang='lat' dir='ltr'><strong>doctam,</strong></span> <span class='ocrx_word' id='word_1_134' title='bbox 1276 3811 1443 3896; x_wconf 80' lang='lat' dir='ltr'><strong>subtilem,</strong></span> <span class='ocrx_word' id='word_1_135' title='bbox 1463 3811 1621 3880; x_wconf 88' lang='lat' dir='ltr'><strong>solertem</strong></span> <span class='ocrx_word' id='word_1_136' title='bbox 1639 3821 1741 3901; x_wconf 78' lang='lat' dir='ltr'><strong>atque</strong></span> <span class='ocrx_word' id='word_1_137' title='bbox 1759 3813 1809 3878; x_wconf 92' lang='lat' dir='ltr'><strong>in·</strong></span> 
     </span>
    </p>
   </div>
   <div class='ocr_carea' id='block_1_3' title="bbox 249 3937 1810 4153">
    <p class='ocr_par' dir='ltr' id='par_1_4' title="bbox 249 3937 1810 4153">
     <span class='ocr_line' id='line_1_14' title="bbox 249 3937 1810 4038; baseline -0.002 -32"><span class='ocrx_word' id='word_1_138' title='bbox 249 3939 362 4023; x_wconf 88' lang='lat' dir='ltr'><strong>primis</strong></span> <span class='ocrx_word' id='word_1_139' title='bbox 381 3940 523 4026; x_wconf 83' lang='lat' dir='ltr'><strong>dignam,</strong></span> <span class='ocrx_word' id='word_1_140' title='bbox 543 3962 629 4031; x_wconf 86' lang='lat' dir='ltr'><strong>quae</strong></span> <span class='ocrx_word' id='word_1_141' title='bbox 649 3940 888 4024; x_wconf 88' lang='lat' dir='ltr'><strong>consuleretur,</strong></span> <span class='ocrx_word' id='word_1_142' title='bbox 907 3964 927 4009; x_wconf 90' lang='lat' dir='ltr'><strong>a</strong></span> <span class='ocrx_word' id='word_1_143' title='bbox 949 3941 1044 4010; x_wconf 90' lang='lat' dir='ltr'><strong>nullo</strong></span> <span class='ocrx_word' id='word_1_144' title='bbox 1063 3944 1146 4008; x_wconf 85' lang='lat' dir='ltr'><strong>satis</strong></span> <span class='ocrx_word' id='word_1_145' title='bbox 1157 3961 1355 4038; x_wconf 90' lang='lat' dir='ltr'><strong>perpensam</strong></span> <span class='ocrx_word' id='word_1_146' title='bbox 1367 3960 1445 4006; x_wconf 89' lang='lat' dir='ltr'><strong>esse</strong></span> <span class='ocrx_word' id='word_1_147' title='bbox 1464 3959 1589 4021; x_wconf 87' lang='lat' dir='ltr'><strong>corum,</strong></span> <span class='ocrx_word' id='word_1_148' title='bbox 1609 3937 1666 4024; x_wconf 87' lang='lat' dir='ltr'><strong>qui</strong></span> <span class='ocrx_word' id='word_1_149' title='bbox 1691 3947 1810 4021; x_wconf 86' lang='lat' dir='ltr'><strong>posteo</strong></span> 
     </span>
     <span class='ocr_line' id='line_1_15' title="bbox 251 4057 1809 4153; baseline 0 -27"><span class='ocrx_word' id='word_1_150' title='bbox 251 4064 330 4128; x_wconf 91' lang='lat' dir='ltr'><strong>artis</strong></span> <span class='ocrx_word' id='word_1_151' title='bbox 349 4065 497 4131; x_wconf 84' lang='lat' dir='ltr'><strong>medicae</strong></span> <span class='ocrx_word' id='word_1_152' title='bbox 513 4065 685 4134; x_wconf 84' lang='lat' dir='ltr'><strong>historiam</strong></span> <span class='ocrx_word' id='word_1_153' title='bbox 703 4078 889 4150; x_wconf 87' lang='lat' dir='ltr'><strong>tractanmt,</strong></span> <span class='ocrx_word' id='word_1_154' title='bbox 913 4067 1147 4153; x_wconf 80' lang='lat' dir='ltr'><strong>Sprengelium</strong></span> <span class='ocrx_word' id='word_1_155' title='bbox 1165 4067 1253 4146; x_wconf 92' lang='lat' dir='ltr'><strong>dico,</strong></span> <span class='ocrx_word' id='word_1_156' title='bbox 1277 4063 1464 4130; x_wconf 83' lang='lat' dir='ltr'><strong>Heckerum</strong></span> <span class='ocrx_word' id='word_1_157' title='bbox 1482 4073 1516 4128; x_wconf 89' lang='lat' dir='ltr'><strong>et</strong></span> <span class='ocrx_word' id='word_1_158' title='bbox 1532 4057 1809 4128; x_wconf 78' lang='lat' dir='ltr'><strong>Friedlanderum.</strong></span> 
     </span>
    </p>
   </div>
   <div class='ocr_carea' id='block_1_4' title="bbox 324 4329 1813 4528">
    <p class='ocr_par' dir='ltr' id='par_1_5' title="bbox 324 4329 1813 4528">
     <span class='ocr_line' id='line_1_16' title="bbox 324 4329 1809 4424; baseline 0 -18"><span class='ocrx_word' id='word_1_159' title='bbox 324 4355 358 4422; x_wconf 69' lang='lat'><strong>³)</strong></span> <span class='ocrx_word' id='word_1_160' title='bbox 393 4353 432 4408; x_wconf 84' lang='grc' dir='ltr'><strong>Η.</strong></span> <span class='ocrx_word' id='word_1_161' title='bbox 452 4354 485 4408; x_wconf 83' lang='lat' dir='ltr'><strong>F.</strong></span> <span class='ocrx_word' id='word_1_162' title='bbox 504 4354 593 4418; x_wconf 69' lang='lat' dir='ltr'><strong>tint,</strong></span> <span class='ocrx_word' id='word_1_163' title='bbox 613 4347 689 4410; x_wconf 81' lang='lat' dir='ltr'><strong>ilber</strong></span> <span class='ocrx_word' id='word_1_164' title='bbox 707 4356 754 4411; x_wconf 83' lang='lat' dir='ltr'><strong>die</strong></span> <span class='ocrx_word' id='word_1_165' title='bbox 771 4353 908 4410; x_wconf 78' lang='lat' dir='ltr'><strong>&#39;l’lrcorieo</strong></span> <span class='ocrx_word' id='word_1_166' title='bbox 925 4356 955 4410; x_wconf 89' lang='lat' dir='ltr'><strong>io</strong></span> <span class='ocrx_word' id='word_1_167' title='bbox 979 4355 1034 4411; x_wconf 84' lang='lat' dir='ltr'><strong>den</strong></span> <span class='ocrx_word' id='word_1_168' title='bbox 1053 4350 1310 4424; x_wconf 81' lang='lat' dir='ltr'><strong>Hippokratischeo</strong></span> <span class='ocrx_word' id='word_1_169' title='bbox 1327 4329 1579 4416; x_wconf 65' lang='lat' dir='ltr'><strong>&amp;inflammabat</strong></span> <span class='ocrx_word' id='word_1_170' title='bbox 1592 4349 1809 4419; x_wconf 70' lang='lat' dir='ltr'><strong>Bomorkuugeu</strong></span> 
     </span>
     <span class='ocr_line' id='line_1_17' title="bbox 397 4454 1813 4528; baseline 0 -14"><span class='ocrx_word' id='word_1_171' title='bbox 397 4460 467 4516; x_wconf 85' lang='lat' dir='ltr'><strong>iiber</strong></span> <span class='ocrx_word' id='word_1_172' title='bbox 489 4461 536 4518; x_wconf 88' lang='lat' dir='ltr'><strong>die</strong></span> <span class='ocrx_word' id='word_1_173' title='bbox 554 4462 684 4517; x_wconf 77' lang='lat' dir='ltr'><strong>Eshtheit</strong></span> <span class='ocrx_word' id='word_1_174' title='bbox 707 4463 800 4518; x_wconf 73' lang='lat' dir='ltr'><strong>dieser</strong></span> <span class='ocrx_word' id='word_1_175' title='bbox 825 4461 974 4518; x_wconf 69' lang='lat' dir='ltr'><strong>Schriften.</strong></span> <span class='ocrx_word' id='word_1_176' title='bbox 1010 4460 1236 4528; x_wconf 73' lang='lat' dir='ltr'><strong>Abhundlougeu</strong></span> <span class='ocrx_word' id='word_1_177' title='bbox 1260 4459 1311 4512; x_wconf 79' lang='lat' dir='ltr'><strong>der</strong></span> <span class='ocrx_word' id='word_1_178' title='bbox 1335 4455 1443 4512; x_wconf 81' lang='lat' dir='ltr'><strong>Berlin.</strong></span> <span class='ocrx_word' id='word_1_179' title='bbox 1467 4454 1561 4510; x_wconf 79' lang='lat' dir='ltr'><strong>Akud.</strong></span> <span class='ocrx_word' id='word_1_180' title='bbox 1590 4459 1813 4524; x_wconf 69' lang='grc'><strong>1814-1816,</strong></span> 
     </span>
    </p>
   </div>
   <div class='ocr_carea' id='block_1_5' title="bbox 398 4556 1913 4639">
    <p class='ocr_par' dir='ltr' id='par_1_6' title="bbox 398 4556 1913 4639">
     <span class='ocr_line' id='line_1_18' title="bbox 398 4556 1913 4639; baseline -0.005 -18"><span class='ocrx_word' id='word_1_181' title='bbox 398 4565 609 4636; x_wconf 79' lang='lat' dir='ltr'><strong>Physikalische</strong></span> <span class='ocrx_word' id='word_1_182' title='bbox 627 4568 738 4634; x_wconf 73' lang='lat' dir='ltr'><strong>Kiame,</strong></span> <span class='ocrx_word' id='word_1_183' title='bbox 757 4586 785 4639; x_wconf 89' lang='lat' dir='ltr'><strong>p.</strong></span> <span class='ocrx_word' id='word_1_184' title='bbox 805 4556 869 4624; x_wconf 60' lang='lat'><strong>240}</strong></span> <span class='ocrx_word' id='word_1_185' title='bbox 905 4567 990 4634; x_wconf 75' lang='lat' dir='ltr'><strong>„Wc‘r</strong></span> <span class='ocrx_word' id='word_1_186' title='bbox 1007 4569 1090 4622; x_wconf 66' lang='grc' dir='ltr'><strong>Μαι</strong></span> <span class='ocrx_word' id='word_1_187' title='bbox 1116 4568 1175 4621; x_wconf 70' lang='lat' dir='ltr'><strong>liet</strong></span> <span class='ocrx_word' id='word_1_188' title='bbox 1191 4568 1249 4620; x_wconf 76' lang='lat' dir='ltr'><strong>eine</strong></span> <span class='ocrx_word' id='word_1_189' title='bbox 1267 4563 1422 4634; x_wconf 63' lang='grc' dir='ltr'><strong>θωπείαις</strong></span> <span class='ocrx_word' id='word_1_190' title='bbox 1448 4581 1498 4616; x_wconf 80' lang='lat' dir='ltr'><strong>oon</strong></span> <span class='ocrx_word' id='word_1_191' title='bbox 1515 4559 1670 4632; x_wconf 77' lang='lat' dir='ltr'><strong>Sclriftett,</strong></span> <span class='ocrx_word' id='word_1_192' title='bbox 1696 4581 1743 4618; x_wconf 75' lang='grc' dir='ltr'><strong>ων</strong></span> <span class='ocrx_word' id='word_1_193' title='bbox 1767 4562 1813 4616; x_wconf 82' lang='lat' dir='ltr'><strong>der</strong></span> <span class='ocrx_word' id='word_1_194' title='bbox 1909 4606 1913 4614; x_wconf 93' lang='lat'>.</span> 
     </span>
    </p>
   </div>
   <div class='ocr_carea' id='block_1_6' title="bbox 398 4665 1816 5161">
    <p class='ocr_par' dir='ltr' id='par_1_7' title="bbox 398 4665 1816 5069">
     <span class='ocr_line' id='line_1_19' title="bbox 398 4665 1812 4746; baseline -0.004 -20"><span class='ocrx_word' id='word_1_195' title='bbox 398 4673 460 4727; x_wconf 71' lang='lat' dir='ltr'><strong>zea</strong></span> <span class='ocrx_word' id='word_1_196' title='bbox 475 4674 648 4744; x_wconf 74' lang='lat' dir='ltr'><strong>yeaclrielen,</strong></span> <span class='ocrx_word' id='word_1_197' title='bbox 665 4675 704 4730; x_wconf 76' lang='lat' dir='ltr'><strong>uls</strong></span> <span class='ocrx_word' id='word_1_198' title='bbox 721 4694 758 4729; x_wconf 79' lang='lat' dir='ltr'><strong>zu</strong></span> <span class='ocrx_word' id='word_1_199' title='bbox 777 4674 958 4730; x_wconf 68' lang='lat' dir='ltr'><strong>Alexandrian</strong></span> <span class='ocrx_word' id='word_1_200' title='bbox 979 4674 1209 4746; x_wconf 73' lang='lat' dir='ltr'><strong>Wisemelaflen,</strong></span> <span class='ocrx_word' id='word_1_201' title='bbox 1227 4675 1284 4728; x_wconf 73' lang='lat' dir='ltr'><strong>cord</strong></span> <span class='ocrx_word' id='word_1_202' title='bbox 1300 4673 1350 4727; x_wconf 75' lang='lat' dir='ltr'><strong>mit</strong></span> <span class='ocrx_word' id='word_1_203' title='bbox 1367 4669 1447 4726; x_wconf 70' lang='lat' dir='ltr'><strong>ilem</strong></span> <span class='ocrx_word' id='word_1_204' title='bbox 1466 4671 1508 4725; x_wconf 80' lang='lat' dir='ltr'><strong>die</strong></span> <span class='ocrx_word' id='word_1_205' title='bbox 1527 4669 1719 4724; x_wconf 75' lang='lat' dir='ltr'><strong>Araneiltmde</strong></span> <span class='ocrx_word' id='word_1_206' title='bbox 1735 4665 1812 4720; x_wconf 61' lang='lat' dir='ltr'><strong>ttu-</strong></span> 
     </span>
     <span class='ocr_line' id='line_1_20' title="bbox 398 4755 1816 4854; baseline -0.003 -21"><span class='ocrx_word' id='word_1_207' title='bbox 398 4791 450 4846; x_wconf 64' lang='grc' dir='ltr'><strong>ειη,</strong></span> <span class='ocrx_word' id='word_1_208' title='bbox 475 4783 532 4838; x_wconf 64' lang='lat' dir='ltr'><strong>rsa</strong></span> <span class='ocrx_word' id='word_1_209' title='bbox 555 4783 605 4836; x_wconf 61' lang='lat' dir='ltr'><strong>„a</strong></span> <span class='ocrx_word' id='word_1_210' title='bbox 628 4783 686 4836; x_wconf 67' lang='lat' dir='ltr'><strong>ns</strong></span> <span class='ocrx_word' id='word_1_211' title='bbox 707 4781 808 4836; x_wconf 68' lang='lat' dir='ltr'><strong>uana</strong></span> <span class='ocrx_word' id='word_1_212' title='bbox 827 4781 1006 4854; x_wconf 59' lang='lat' dir='ltr'><strong>namnam</strong></span> <span class='ocrx_word' id='word_1_213' title='bbox 1032 4755 1187 4836; x_wconf 62' lang='lat' dir='ltr'><strong>naenia.</strong></span> <span class='ocrx_word' id='word_1_214' title='bbox 1237 4777 1406 4833; x_wconf 62' lang='lat' dir='ltr'><strong>restans</strong></span> <span class='ocrx_word' id='word_1_215' title='bbox 1428 4777 1464 4831; x_wconf 68' lang='lat' dir='ltr'><strong>er</strong></span> <span class='ocrx_word' id='word_1_216' title='bbox 1488 4777 1517 4830; x_wconf 75' lang='lat' dir='ltr'><strong>n</strong></span> <span class='ocrx_word' id='word_1_217' title='bbox 1542 4776 1622 4831; x_wconf 68' lang='lat' dir='ltr'><strong>nm</strong></span> <span class='ocrx_word' id='word_1_218' title='bbox 1648 4773 1735 4829; x_wconf 71' lang='lat' dir='ltr'><strong>nnn</strong></span> <span class='ocrx_word' id='word_1_219' title='bbox 1759 4775 1816 4829; x_wconf 60' lang='lat' dir='ltr'><strong>aa</strong></span> 
     </span>
     <span class='ocr_line' id='line_1_21' title="bbox 399 4881 1814 4960; baseline -0.005 -18"><span class='ocrx_word' id='word_1_220' title='bbox 399 4887 524 4960; x_wconf 58' lang='lat' dir='ltr'><strong>Syram,</strong></span> <span class='ocrx_word' id='word_1_221' title='bbox 542 4907 570 4944; x_wconf 77' lang='lat' dir='ltr'><strong>tu</strong></span> <span class='ocrx_word' id='word_1_222' title='bbox 587 4891 645 4944; x_wconf 75' lang='lat' dir='ltr'><strong>dau</strong></span> <span class='ocrx_word' id='word_1_223' title='bbox 661 4891 699 4944; x_wconf 78' lang='lat' dir='ltr'><strong>eie</strong></span> <span class='ocrx_word' id='word_1_224' title='bbox 715 4889 867 4959; x_wconf 62' lang='grc' dir='ltr'><strong>ναιέμεν</strong></span> <span class='ocrx_word' id='word_1_225' title='bbox 884 4907 932 4943; x_wconf 81' lang='lat' dir='ltr'><strong>oon</strong></span> <span class='ocrx_word' id='word_1_226' title='bbox 949 4889 1018 4943; x_wconf 77' lang='lat' dir='ltr'><strong>seclo</strong></span> <span class='ocrx_word' id='word_1_227' title='bbox 1040 4885 1195 4960; x_wconf 74' lang='lat' dir='ltr'><strong>Vevsmm</strong></span> <span class='ocrx_word' id='word_1_228' title='bbox 1212 4885 1368 4952; x_wconf 63' lang='lat' dir='ltr'><strong>darilla-en,</strong></span> <span class='ocrx_word' id='word_1_229' title='bbox 1387 4895 1466 4940; x_wconf 75' lang='lat' dir='ltr'><strong>certer</strong></span> <span class='ocrx_word' id='word_1_230' title='bbox 1483 4885 1565 4938; x_wconf 77' lang='lat' dir='ltr'><strong>denen</strong></span> <span class='ocrx_word' id='word_1_231' title='bbox 1582 4899 1644 4936; x_wconf 73' lang='lat' dir='ltr'><strong>m</strong></span> <span class='ocrx_word' id='word_1_232' title='bbox 1662 4881 1737 4936; x_wconf 66' lang='lat' dir='ltr'><strong>etna</strong></span> <span class='ocrx_word' id='word_1_233' title='bbox 1754 4898 1814 4936; x_wconf 72' lang='grc' dir='ltr'><strong>ω·</strong></span> 
     </span>
     <span class='ocr_line' id='line_1_22' title="bbox 398 4995 1103 5069; baseline 0.003 -19"><span class='ocrx_word' id='word_1_234' title='bbox 398 4995 1103 5069; x_wconf 52' lang='grc' dir='ltr'><strong>ιοὸἠὶοιηῳμιιίὴὶίῂρώιωηηκπηέ·</strong></span> 
     </span>
    </p>

    <p class='ocr_par' dir='ltr' id='par_1_8' title="bbox 1614 5101 1627 5161">
     <span class='ocr_line' id='line_1_23' title="bbox 1614 5101 1627 5161; baseline 0 0"><span class='ocrx_word' id='word_1_235' title='bbox 1614 5101 1627 5161; x_wconf 95' lang='lat' dir='ltr'><strong>l</strong></span> 
     </span>
    </p>
   </div>
   <div class='ocr_carea' id='block_1_7' title="bbox 0 0 2422 6084">
    <p class='ocr_par' dir='ltr' id='par_1_9' title="bbox 0 0 2422 6084">
     <span class='ocr_line' id='line_1_24' title="bbox 0 0 2422 6084; baseline 0 0"><span class='ocrx_word' id='word_1_236' title='bbox 0 0 2422 6084; x_wconf 95' lang='lat' dir='ltr'><strong> </strong></span> 
     </span>
    </p>
   </div>
  </div>
 </body>
</html>
