4812 6092
1293 659 1515 724 ...40-

616 835 698 905 Eius
719 838 920 904 mentionem
941 829 1022 904 iacit
1045 833 1214 902 Galenus:
1236 834 1379 923 (tlon
1402 837 1442 906 11.
1465 839 1500 908 'm
1521 839 1619 927 Epiri
1642 837 1699 906 Vl.
1721 859 1756 926 p.
1779 842 1845 908 tta
1867 841 1949 912 Bas
1972 843 2015 908 V.
2054 867 2088 932 p.
2110 847 2175 912 aaa

615 961 724 1030 chart
747 957 804 1026 lX.
838 981 872 1048 p.
901 960 987 1026 totto
1008 959 1106 1028 Kuhn
1130 958 1549 1052 xvu.1)tt,mpymt
1568 959 1655 1053 mpii
1675 963 1801 1032 deuter
1818 961 1899 1034 serit
1919 960 1959 1034 ui
1981 971 2052 1054 napi
2071 993 2178 1053 γνω-

614 1098 703 1158 ariera
723 1084 952 1175 συγγράμματα.

702 1266 755 1332 De
785 1263 906 1332 classis
936 1274 1076 1330 octavae
1105 1263 1210 1346 lihris,
1240 1283 1276 1328 re
1304 1261 1449 1328 nondum
1471 1262 1555 1329 satis
1577 1273 1732 1332 accurate
1754 1265 1928 1350 inquisita,
1963 1285 2029 1330 non
2057 1263 2177 1347 haheo,

612 1393 702 1481 quod
725 1393 759 1458 in
782 1391 971 1457 universnm
990 1388 1167 1473 disputem,
1190 1387 1257 1453 nisi
1279 1385 1449 1469 rationem,
1473 1408 1571 1474 quam
1588 1399 1777 1474 sequantur,
1796 1390 1955 1455 iuniorem
1977 1407 2057 1455 esse
2079 1409 2176 1478 mam

615 1518 742 1584 classis
765 1515 939 1602 septimae,
963 1525 1096 1598 recepta
1120 1513 1153 1580 in
1175 1511 1253 1578 hilis
1276 1509 1383 1578 flavae
1405 1511 1515 1578 locum
1538 1517 1664 1600 aqna.*)
1710 1515 1811 1578 Liber
1832 1515 1873 1576 de
1894 1513 2017 1578 Morte
2049 1527 2177 1597 quartur

612 1657 727 1712 contra
750 1639 887 1704 libellum
910 1639 951 1700 de
976 1635 1079 1701 Corde
1102 1634 1261 1704 affirmare
1284 1637 1407 1718 studet,
1430 1647 1545 1724 potum
1567 1661 1634 1706 non
1657 1639 1814 1727 pulmone
1836 1639 1949 1725 recipi,
1974 1659 2074 1725 qnare
2096 1637 2174 1706 inse

610 1769 687 1835 riori
711 1765 811 1833 aetati
836 1776 888 1831 est
911 1763 1147 1849 adsignandus.
1193 1763 1310 1850 Neque
1339 1764 1374 1828 in
1402 1784 1491 1830 nona
1519 1763 1629 1832 classe
1658 1765 1825 1848 immoror,
1856 1764 1981 1831 sufficit
2002 1767 2088 1831 enim
2109 1765 2174 1830 hoe

610 1897 686 1962 loco
710 1911 855 1973 monere,
886 1890 1034 1954 libramen
1057 1893 1150 1951 trium
1174 1891 1214 1950 dc
1244 1887 1334 1952 Victo
1357 1887 1566 1971 Sororum&
1596 1891 1757 1956 rationem
1780 1891 1997 1976 compositam
2025 1911 2103 1958 esse
2132 1911 2174 1957 ea

609 2020 802 2100 Melissi***)
828 2029 861 2083 et
872 2017 1086 2102 Hippocratis
1110 2015 1268 2098 doctrina,
1292 2017 1346 2081 cui
1361 2016 1579 2082 admisceatur
1589 2014 1884 2103 Pythagoricorum
1905 2015 2057 2082 medendi
2079 2019 2174 2093 ratio,

610 2168 695 2234 quae
718 2145 759 2211 ah
783 2143 923 2211 Eudoxo
953 2143 1109 2208 innovata
1140 2152 1238 2226 atque
1267 2152 1451 2227 propagata
1473 2162 1552 2208 esse
1581 2140 1748 2224 dicitur.†)
1793 2139 1838 2208 Ha
1872 2163 1949 2208 vcro
1971 2142 2044 2208 libri
2067 2153 2172 2211 utrum

610 2273 811 2340 recentiores
842 2290 885 2335 an
915 2269 1130 2354 antiquiores,
1154 2265 1415 2352 quamplurima
1446 2287 1524 2352 pars
1558 2267 1720 2353 septimae
1754 2266 1887 2350 classis,
1922 2267 1989 2334 sint
2020 2267 2172 2342 habendi,

608 2401 795 2466 discernere
820 2393 965 2462 nondum
989 2393 1113 2474 aude03
1136 2412 1245 2478 neque
1276 2393 1340 2457 iam
1370 2395 1412 2460 de
1434 2393 1514 2458 mira
1541 2391 1658 2460 horum
1680 2393 1835 2460 librorum
1857 2395 2099 2480 compositione
2121 2393 2172 2461 fu-

607 2527 679 2591 sius
704 2523 821 2602 dicam,
844 2520 969 2606 quippe
993 2538 1080 2604 quae
1102 2516 1195 2603 larga
1219 2517 1443 2602 disputatione
1467 2517 1623 2603 indigeat
1658 2517 1870 2604 Hippocratis
1893 2519 2031 2586 imitatio
2054 2522 2087 2586 in
2110 2533 2173 2586 ter·

609 2667 719 2714 rarum
743 2646 810 2710 situ
833 2642 1050 2710 describendo
1074 2651 1229 2726 apparet,
1251 2641 1400 2728 inprimis
1423 2639 1498 2706 libri
1520 2641 1658 2708 secundi
1681 2641 1792 2726 initio,
1823 2643 1884 2710 sed
1907 2641 1996 2709 orhis
2017 2655 2171 2711 terrarum

606 2775 762 2840 maiorem
785 2782 910 2857 partem
929 2779 1043 2836 auctor
1065 2737 1169 2850 novit,
1194 2789 1292 2855 qnam
1310 2765 1375 2834 illc.
1410 2767 1482 2835 Hae
1498 2768 1574 2854 ipsa
1592 2767 1773 2835 imitatione
1791 2787 1868 2834 esse
1891 2770 2010 2836 ductus
2031 2771 2169 2854 videtur,

606 2902 683 2968 dum
705 2897 835 2964 Melissi
859 2895 1018 2964 adsciscit
1041 2914 1146 2960 rerum
1168 2893 1347 2981 principia,
1377 2912 1462 2978 qnae
1484 2891 1703 2977 Hippocrates
1733 2893 1766 2958 in
1797 2891 1876 2956 libro
1898 2895 1939 2956 de
1960 2893 2086 2958 Natura
2108 2893 2168 2959 llo

605 3029 696 3088 minis
725 3023 1018 3091 commendaverat.
1073 3017 1294 3106 Pythagorica
1323 3019 1465 3104 denique
1494 3017 1577 3083 ratio
1607 3018 1641 3082 in
1670 3017 1854 3084 disserendi
1879 3030 1911 3084 et
1933 3017 2089 3105 loquendi
2111 3039 2168 3107 ge-

604 3173 681 3219 nere
705 3152 906 3240 agnoscitur.

694 3319 742 3386 lta
764 3319 856 3388 lihris
880 3317 1034 3404 genuinis
1058 3326 1103 3398 et,
1126 3317 1184 3404 qni
1205 3316 1249 3382 iis
1273 3324 1330 3382 ant
1353 3311 1513 3402 aequales
1530 3323 1588 3380 ant
1605 3311 1777 3380 inferiores
1795 3310 1999 3394 ridebantur,
2022 3315 2064 3380 ad
2087 3325 2168 3380 tem·

603 3467 718 3529 porum
747 3447 906 3514 rationem
935 3441 1111 3528 dispositis
1140 3450 1261 3523 restat,
1291 3448 1330 3506 nt
1360 3439 1401 3504 de
1432 3439 1475 3503 iis
1505 3456 1655 3524 agamus,
1686 3458 1771 3525 quos
1801 3437 1963 3523 superiori
1986 3439 2087 3503 aetati
2109 3440 2167 3505 ad-

603 3572 817 3655 signavimms.
863 3569 1036 3649 Homines,
1068 3586 1205 3652 quorum
1227 3565 1414 3632 sententiae
1438 3563 1518 3630 certi
1541 3563 1699 3648 temporis
1722 3574 1820 3630 notas
1844 3563 2066 3652 suppeditant,
2090 3577 2167 3632 sunt

606 3787 961 3799 --—-—-......--....—-

677 3931 704 4004 ¹)
741 3935 813 3989 Cum
831 3939 943 4002 praeter
961 3929 1146 4000 Hippocratis
1164 3944 1266 3984 nomen
1293 3927 1361 3984 nillil
1385 3925 1505 3982 traditur
1527 3927 1680 3982 dehoram
1707 3926 1840 3982 librorum
1865 3927 1989 3996 origine,
2014 3928 2050 3986 de
2067 3931 2165 4002 quinto

741 4039 786 4094 vel
805 4047 887 4095 sexto
905 4037 989 4094 holus
1008 4035 1130 4094 nominis
1148 4037 1209 4092 viro
1226 4034 1344 4106 cogitari
1362 4041 1465 4105 potest,
1482 4035 1531 4106 qul
1550 4035 1665 4091 inerunt
1680 4035 1847 4104 l'thhraei
1863 4035 1922 4090 tilli.
1951 4036 2031 4092 Snid.
2049 4053 2073 4092 s.
2092 4037 2118 4092 h.
2136 4055 2162 4093 r.

741 4145 787 4200 ns
806 4147 902 4200 horum
921 4145 1055 4202 lihromm
1073 4145 1182 4202 retlone
1200 4143 1236 4200 el.
1256 4141 1411 4200 Steinhelm
1431 4141 1515 4198 Doet.
1535 4142 1601 4199 vet
1618 4141 1655 4198 de
1672 4142 1768 4198 liene.
1805 4159 1833 4214 p.
1845 4137 1897 4200 0³.

662 4311 705 4378 ⁶²)
740 4310 786 4365 De
803 4310 900 4365 horum
920 4309 1054 4364 librorum
1072 4315 1188 4364 auctore
1205 4313 1315 4363 veteres
1334 4305 1417 4362 uelde
1435 4307 1607 4376 discrepent,
1626 4305 1780 4362 afferuntur
1795 4305 1869 4362 euim
1879 4307 2040 4378 Buryphon‚
2053 4306 2162 4375 Phaon,

744 4413 903 4480 Philistina,
923 4415 1047 4476 Ariston.
1068 4413 1247 4484 Pherecydes
1264 4423 1293 4471 et
1312 4415 1446 4472 Philetee.

640 4579 703 4650 m)
739 4577 873 4634 Helieone
889 4595 993 4650 qoem
1018 4584 1048 4633 ct
1071 4577 1163 4646 ignem
1188 4593 1240 4648 pro
1264 4593 1357 4634 rernm
1381 4577 1527 4634 elementis
1544 4579 1664 4652 occepit.
1687 4580 1753 4636 Joh.
1777 4577 1890 4648 Philop.
1915 4579 1944 4634 in
1964 4577 2049 4648 Phys.
2074 4580 2160 4637 Arist

739 4699 769 4754 p.
786 4687 813 4739 tt.
833 4684 861 4739 h.
898 4683 1005 4740 Verum
1029 4701 1085 4742 non
1103 4693 1163 4749 eet.
1186 4685 1262 4757 qnod
1281 4685 1434 4755 Spreogel,
1463 4685 1566 4742 Geseh.
1583 4687 1612 4742 d.
1632 4687 1673 4744 ld.
1693 4689 1717 4744 l.
1735 4691 1763 4744 ³.
1781 4689 1805 4755 l.
1823 4689 1869 4744 62.
1888 4703 1916 4758 p.
1934 4687 1988 4742 ³76
2006 4687 2160 4754 contendit,

735 4789 884 4846 hlaibam
904 4791 1055 4860 rttapcrrrt
1074 4795 1111 4848 eh
1131 4795 1318 4864 Hippocrate.

672 4943 703 5012 τ)
739 4941 822 5013 Diog.
841 4942 936 5002 lae'drt.
955 4945 1040 5002 vm.
1060 4950 1084 5016 t.
1103 4952 1139 5005 86
1157 4963 1217 5020 sqq.
1236 4954 1266 5003 et
1283 4945 1405 5017 interpp.
1425 4947 1461 5004 ad
1481 4948 1508 5004 h.
1528 4947 1547 5002 Ι.

2376 4034 2378 4051 l
