4812 6092
1261 721 1483 786 ..48-

592 923 688 992 quem
710 919 822 968 rursus
852 899 894 964 ab
922 899 1009 966 aeris
1038 909 1130 966 motu
1159 901 1296 967 excitari
1318 892 1422 988 putat
1430 903 1464 985 i)
1510 901 1624 968 Nostri
1645 919 1729 966 vero
1749 902 1894 968 aream
1916 903 2079 968 sententia
2102 913 2156 970 est

592 1033 705 1099 eadem
723 1026 791 1095 lere
810 1045 850 1093 ao
860 1025 1086 1112 Empedoclis,
1108 1023 1266 1110 loquendi
1285 1045 1407 1112 genere
1416 1015 1552 1112 poetica
1564 1015 1664 1094 cauta
1686 1027 1786 1113 inque
1809 1029 1892 1094 artis
1908 1014 2155 1096 ¹lonuularu're-

592 1158 696 1236 decta,
722 1171 917 1241 quamquam
928 1149 1051 1225 dubito,
1076 1149 1343 1239 anEmpedoclis
1364 1171 1494 1218 carmen
1512 1143 1639 1219 auctori
1650 1145 1964 1220 innotueritcumde
1975 1155 2156 1240 respirandi

589 1279 746 1347 facultate
780 1278 923 1366 aliisque
956 1277 1056 1344 rebus
1091 1277 1132 1342 ub
1167 1276 1225 1343 illo
1261 1279 1425 1363 expositis
1459 1289 1517 1344 aut
1545 1280 1679 1346 omnino
1697 1273 1824 1360 taceat,
1859 1267 2046 1346 autminus
2071 1301 2153 1346 vera

588 1403 795 1493 proserat.**)
852 1403 921 1470 Sed
954 1405 988 1469 in
1022 1413 1112 1470 tanta
1145 1423 1252 1470 rerum
1286 1403 1503 1488 obscuritate,
1539 1404 1569 1470 si
1599 1407 1654 1470 cui
1680 1405 1799 1489 paucis
1821 1423 1928 1470 meam
1957 1405 2153 1472 sententiam

588 1532 727 1620 probare
749 1551 816 1598 uon
838 1550 988 1615 possum,
1012 1531 1054 1596 ad
1077 1529 1211 1595 alteram
1235 1529 1479 1596 dissertationis
1501 1539 1715 1616 partemeum
1728 1529 1858 1615 delego,
1881 1530 2152 1616 ubisingdomn

587 1657 823 1725 vocabulorum
847 1664 880 1721 et
902 1656 1137 1721 seutentianun
1158 1655 1330 1722 historiam
1353 1657 1540 1722 accuratius
1562 1659 1718 1742 persequi
1742 1657 1776 1722 in
1799 1658 1908 1722 animo
1925 1656 2043 1722 haheo.
2078 1655 2152 1724 Hoc

590 1796 715 1853 tantum
732 1793 846 1868 repeto
858 1781 1071 1866 Hippocratis
1084 1781 1431 1867 etHippocraticoram
1444 1793 1535 1850 certa
1547 1785 1580 1848 in
1593 1782 1658 1848 hoc
1674 1779 1758 1847 libro
1770 1783 1913 1868 vestigia
1930 1803 1997 1848 non
2008 1783 2151 1867 reperiri,

548 1905 550 1912 ’
588 1931 696 1998 neque
719 1909 887 1976 doctrinae
912 1907 953 1972 de
975 1905 1108 1973 flatibus
1131 1908 1289 1973 rationem
1312 1909 1442 1991 haberi,
1466 1930 1567 1997 quare
1591 1908 1655 1975 hac
1678 1929 1811 1995 quoque
1834 1929 1907 1974 eum
1932 1909 2150 1994 antiquiorem

588 2038 699 2119 posui,
722 2033 846 2102 sontem
869 2053 947 2099 vero
971 2032 1078 2099 habeo
1102 2035 1285 2100 sententiae
1309 2035 1461 2103 omnibus
1480 2035 1688 2104 inferioribus
1712 2036 1807 2100 tritae
1831 2034 1872 2100 de
1895 2034 2005 2100 calore
2027 2037 2150 2100 innato.

678 2197 724 2263 Ut
757 2197 888 2264 facilius
920 2197 1205 2282 conspicerentur,
1237 2219 1322 2284 quae
1346 2219 1365 2264 e
1388 2199 1488 2266 tantis
1512 2198 1656 2264 tenebris
1679 2198 1777 2264 uobis
1801 2199 1928 2264 eruisse
1951 2199 2149 2278 videremur,

591 2327 745 2390 librorum
768 2324 887 2389 seriem
909 2323 943 2388 in
966 2321 1097 2389 tabulae
1119 2323 1256 2390 tonnam
1279 2326 1475 2412 redegimus.
1517 2321 1684 2410 Quantum
1706 2321 1810 2404 licuit,
1834 2323 1982 2390 eiusdem
2006 2325 2150 2390 auctoris

588 2450 690 2517 libros
714 2449 943 2516 coniunximus
967 2435 1008 2514 ab
1032 2449 1149 2517 alienis
1172 2461 1301 2518 secreta
1323 2451 1421 2516 lineis
1444 2451 1659 2537 interpositis.
1706 2447 1908 2533 Scriptorum
1937 2450 2070 2515 nomina
2093 2449 2149 2514 ad·

591 2577 733 2642 didimus
768 2575 878 2656 etiarn,
912 2573 968 2638 uhi
1003 2593 1063 2639 eos
1085 2596 1152 2640 non
1180 2577 1247 2642 nisi
1270 2577 1459 2642 coniectura
1482 2576 1628 2642 assecuti
1654 2595 1786 2656 sumus3
1812 2595 1897 2661 quae
1920 2585 2027 2640 tamen
2052 2573 2150 2639 dubia

588 2701 794 2782 videbantur,
818 2699 1082 2783 interrogationis
1102 2703 1310 2769 distinximus
1323 2703 1434 2788 signo,
1457 2701 1648 2787 praeposito
1672 2697 1742 2782 illc,
1765 2700 1822 2765 uhi
1844 2698 1998 2764 librorum
2020 2711 2149 2785 tempus

588 2851 654 2895 non
689 2830 773 2894 satis
808 2825 934 2891 firmum
968 2838 1032 2908 est,
1066 2827 1269 2912 postposito,
1305 2826 1362 2891 ubi
1396 2827 1566 2906 incertum,
1601 2847 1642 2890 an
1675 2825 1751 2892 libri
1780 2825 1879 2892 huius
1903 2828 2048 2893 auctoris
2072 2827 2148 2892 sint.

587 2955 706 3020 Libros
740 2949 915 3018 manifesto
951 2952 1147 3036 suppositos
1171 2953 1193 3015 i.
1217 2971 1246 3016 e.
1270 2959 1378 3016 aetate
1401 2950 1623 3018 Alexandrina
1646 2950 1700 3017 vel
1723 2952 1830 3018 serius
1853 2951 2065 3037 Hippocratis
2087 2974 2147 3017 no·

588 3082 674 3146 mine
693 3079 790 3144 fictos
813 3077 1101 3163 praetermisimus
1126 3075 1244 3141 dubios
1262 3095 1353 3158 vero,
1378 3096 1514 3162 quorum
1536 3075 1685 3141 nonnrrlli
1709 3077 1742 3142 iu
1761 3077 1902 3162 septima
1920 3076 2029 3143 classe
2045 3098 2147 3142 rema·

587 3219 682 3288 neat,
712 3226 778 3270 nou
802 3205 999 3269 removimus
1022 3202 1164 3287 posthac
1188 3201 1378 3288 diligentius
1403 3203 1639 3268 examinandos
1647 3199 1712 3284 m)
1759 3203 1881 3269 Addita
1904 3214 1981 3268 sunt
2005 3202 2146 3288 denique

589 3344 735 3415 tempora
756 3328 897 3414 plurium
910 3327 998 3394 illius
1012 3329 1130 3394 aetatis
1142 3329 1295 3408 virorum,
1320 3349 1457 3412 quorum
1468 3328 1501 3392 in
1514 3327 1577 3395 hac
1597 3328 1828 3394 dissertatione
1839 3327 1961 3392 mentio
1975 3339 2028 3393 est
2050 3327 2146 3394 sacta.

657 3639 692 3705 ³)
729 3633 1014 3688 Animadvertendum
1030 3641 1080 3696 est,
1100 3631 1174 3704 quod
1193 3633 1228 3687 de
1247 3631 1329 3687 buius
1342 3633 1514 3703 quaestionis
1532 3634 1646 3690 historia
1662 3634 1796 3689 eGalrno
1812 3633 1905 3688 attulit
1922 3634 2033 3688 Hecker
2045 3636 2147 3689 Gesclr.

729 3743 756 3794 d.
768 3740 893 3796 licitis.
911 3740 936 3808 i.
947 3745 984 3794 32
1002 3757 1029 3810 p.
1049 3743 1108 3794 168.
1136 3739 1282 3806 Videmus,
1299 3740 1328 3794 in
1344 3747 1448 3810 quanta
1468 3743 1677 3810 perturbatione
1696 3757 1786 3794 rerum
1804 3739 1835 3792 in
1852 3740 1990 3794 medicina
2007 3747 2148 3809 gestarum

730 3846 847 3902 historia
865 3845 957 3899 adhuc
976 3852 1113 3900 versetur.

639 3975 691 4040 ⁰¹)
728 3970 792 4024 lloc
811 3981 922 4038 quoque
940 3973 1037 4022 contra
1055 3967 1117 4022 libri
1143 3967 1335 4024 auctoritatem
1362 3968 1452 4022 ademi
1473 3975 1579 4039 potesta
1605 3968 1679 4038 quod
1708 3974 1806 4022 auctor
1832 3985 1879 4024 cor
1903 3985 2037 4024 venarum
2063 3981 2148 4041 eaput

729 4093 833 4148 trabere
852 4087 977 4144 videtur:
997 4077 1049 4141 καὶ
1069 4074 1154 4142 's'crtv
1173 4076 1228 4143 ἐπὶ
1248 4079 1302 4160 τῆς
1323 4075 1456 4158 κεφαλῆς
1477 4077 1530 4160 τῆς
1544 4069 1656 4161 φλεβὸς
1671 4076 1723 4157 τῆς
1743 4070 1936 4160 κοιλοτάτης,
1953 4107 2015 4146 eum
2036 4095 2144 4151 Aristo.

727 4199 798 4272 teles
814 4200 867 4253 hoc
885 4199 938 4254 albi
956 4198 1099 4253 iuventam
1118 4193 1261 4249 vindicare
1279 4196 1407 4249 videatur
1425 4195 1453 4248 in
1470 4193 1543 4248 illst·
1561 4195 1653 4248 duim.
1665 4191 1721 4248 ΙΙΙ.
1739 4199 1772 4250 ³:
1791 4181 1851 4245 εἰσὶ
1873 4178 1905 4244 δὲ
1928 4185 1978 4246 καὶ
1999 4185 2059 4248 τῶν
2077 4189 2148 4270 περὶ

730 4301 823 4388 φύσιν
854 4313 886 4370 oi
905 4300 1050 4390 τοιαύτην
1079 4303 1133 4385 μὲν
1162 4301 1217 4366 οὐκ
1253 4294 1555 4386 ἕπραγμιιτεύθησακ
1590 4300 1804 4388 ἀκριβολογίαν
1837 4303 1905 4384 περὶ
1934 4295 1989 4376 τὰς
2022 4302 2147 4391 φλέβας,

730 4422 843 4503 πάντες
864 4425 891 4492 d'
914 4426 1024 4511 ὁμοίως
1046 4427 1101 4507 τῆν
1123 4415 1216 4508 ἀρχὴν
1237 4419 1337 4485 αὐτῶν
1362 4419 1396 4484 ἔκ
1418 4421 1472 4498 τῆς
1488 4419 1621 4506 κεφαλῆς
1648 4427 1700 4491 καὶ
1728 4421 1785 4488 τοῦ
1812 4415 1984 4506 ἓγκεφάλου
2013 4425 2147 4506 ποιοῦσι,

730 4541 872 4633 λε’γοκ·τες
892 4545 930 4612 οὐ
960 4547 1068 4622 καλῶς.
1105 4559 1162 4613 Sed
1187 4557 1351 4612 Aristotcles
1378 4556 1413 4610 ad
1438 4573 1487 4611 eos
1514 4565 1622 4615 tantum
1651 4565 1772 4632 respicit,
1792 4563 1839 4634 qui
1866 4562 1901 4618 de
1921 4562 2029 4616 Natura
2054 4579 2144 4619 rerum

726 4667 906 4738 scripserunt,
924 4683 1010 4739 quare
1026 4667 1100 4738 qood
1111 4665 1267 4729 Platonem,
1279 4663 1326 4733 qui
1345 4663 1418 4718 idem
1438 4663 1542 4733 lecerit,
1559 4672 1687 4726 consulto
1701 4671 1842 4740 ignorasse
1852 4669 2001 4730 videretur.
2021 4669 2144 4724 eumde-

725 4773 801 4829 iendi
817 4789 870 4829 ncu
890 4791 961 4842 opus
974 4781 1042 4838 erat,
1061 4772 1090 4827 id
1108 4772 1358 4842 quodPlrilippson
1371 4777 1488 4826 conatus
1501 4781 1544 4828 cst
1558 4759 1634 4845 ‘qu
1656 4759 1751 4848 ιῖνθρ.
1769 4793 1794 4829 c.
1812 4781 1845 4838 7.
1863 4788 1891 4846 p.
1909 4781 1953 4836 28,
1973 4791 2063 4846 neque
2079 4791 2143 4845 pro.

728 4889 823 4952 pterea
843 4880 941 4935 libram
959 4883 991 4936 de
1010 4881 1094 4936 Corde
1111 4885 1175 4948 post
1193 4879 1371 4934 Aristotelem
1391 4880 1524 4948 scripturn
1544 4897 1607 4936 esse
1625 4883 1781 4938 credamus.

630 5011 688 5078 aar)
730 5009 773 5063 De
790 5008 977 5062 Jaririwandi
994 5014 1024 5062 ct
1044 5007 1123 5074 Lapis
1139 5004 1248 5074 origine
1266 5012 1296 5061 et
1314 5011 1407 5062 aetate
1425 5007 1560 5063 iodicium
1579 5008 1651 5065 ierre
1670 5012 1793 5066 nondum
1812 5012 1911 5067 audeo.
