4812 6092
1254 641 1475 706 ..3⁶-

588 823 762 892 definiendi
786 823 873 890 enlm
895 833 930 888 ct
952 821 1150 907 disponenti
1172 821 1318 904 nocue,
1347 839 1433 908 quae
1458 817 1600 888 Prodico
1631 817 1831 886 tubum
1852 819 1989 905 honori,
2010 823 2141 892 minim

587 949 737 1016 abhorret
759 949 990 1034 Hippocrates.
1034 946 1200 1036 Nmnquid
1228 947 1271 1014 ad
1293 947 1504 1034 Hippocratis
1534 947 1710 1013 oicuoncm
1738 943 1969 1032 expoliandam
1989 945 2142 1034 valuerit,

586 1076 764 1142 cadmus.
811 1072 1056 1142 Vocabulorum
1077 1093 1160 1140 osus
1190 1073 1232 1138 ab
1260 1093 1304 1139 eo
1334 1073 1545 1156 mandatus,
1575 1083 1733 1161 qoam
1755 1093 1797 1138 ax
1819 1092 1886 1139 uno
1908 1071 1969 1141 illo
1991 1070 2145 1160 exemplo

585 1203 723 1288 agnosci
744 1210 867 1287 potest
899 1201 987 1288 qood
1011 1197 1171 1282 Galenus,
1200 1199 1356 1280 sonavit,
1380 1197 1535 1287 (punc),
1557 1199 1592 1263 in
1615 1199 1759 1284 ganoha
1781 1197 1997 1284 Hippocratis
2020 1213 2146 1296 scripta

584 1347 651 1394 non
674 1337 826 1412 receptus
846 1336 909 1406 est,
934 1327 967 1390 in
986 1323 1223 1410 discipolorum
1239 1344 1319 1390 vcro
1342 1321 1434 1390 libris
1458 1324 1533 1389 eins
1547 1323 1691 1408 vestigia
1712 1325 1881 1408 apparent
1917 1322 2025 1390 liuius
2047 1345 2146 1406 geue.

585 1453 629 1518 ris
658 1452 788 1518 videtur
817 1471 895 1516 esse
926 1451 1148 1531 enuntiatum,
1182 1450 1216 1516 io
1246 1469 1313 1537 quo
1343 1447 1463 1534 tegitur
1488 1467 1556 1514 vox
1585 1447 1654 1530 itta,
1664 1448 1816 1530 Prodici,
1845 1449 1879 1514 io
1902 1447 2032 1516 duobus
2054 1448 2146 1520 libris

586 1582 683 1663 idem,
707 1581 748 1642 de
777 1577 867 1641 Victu
890 1576 1020 1640 Salubrr’
1039 1598 1073 1663 p.
1098 1575 1164 1639 340
1189 1576 1279 1640 etin
1303 1575 1384 1638 libro
1411 1577 1546 1639 mdo
1573 1577 1616 1638 de
1636 1575 1760 1640 Morbis
1786 1597 1820 1660 p.
1845 1576 1926 1640 tot:
1949 1581 2004 1645 sci
2026 1571 2067 1663 ἢν
2091 1576 2148 1660 μὲν

586 1709 665 1802 boys}
690 1701 771 1812 surb
800 1700 856 1782 τὰς
882 1710 968 1792 ῥίνας
995 1707 1049 1771 καὶ
1076 1697 1154 1768 κατὰ
1184 1695 1223 1770 τὰ
1251 1691 1316 1767 ὦτα
1342 1695 1424 1790 ὕδωρ
1450 1705 1504 1769 καὶ
1527 1697 1662 1791 yble'rro,
1688 1699 1926 1770 animaretur.
1942 1711 1999 1771 τοῦ
2018 1697 2143 1773 νούσου.

585 1831 710 1900 Similis
733 1831 831 1898 huius
854 1832 947 1896 vocis
971 1842 1023 1896 est
1044 1839 1196 1916 potestas
1220 1831 1254 1894 iu
1276 1829 1519 1893 Pmedictoncn
1541 1831 1622 1894 libro
1642 1833 1777 1894 scando
1799 1841 1833 1896 et
1851 1831 2031 1896 Morborum
2041 1830 2144 1914 eope

586 1959 697 2021 ὰινὶωιι
719 1970 840 2042 quoto.
875 1955 984 2022 Aliam
1005 1975 1085 2022 vero
1110 1956 1183 2022 eius
1206 1956 1270 2020 vim
1287 1973 1425 2042 emaque
1442 1955 1628 2021 accuratius
1645 1955 1811 2022 definitam
1832 1958 1978 2043 reperies
2001 1959 2035 2024 io
2058 1958 2147 2021 mnu

585 2087 626 2147 dc
647 2085 769 2148 Morbtr
790 2085 959 2148 Mulierum
983 2092 1017 2148 et
1039 2084 1080 2144 de
1101 2082 1228 2144 Notum
1249 2082 1410 2146 Muliebri.
1458 2081 1625 2166 Origirrem
1645 2083 1743 2148 vocis
1765 2098 1807 2149 ex
1835 2083 1932 2150 tolia
1952 2083 2007 2149 vel
2028 2081 2145 2149 Sicilia

584 2211 795 2296 repetendam
818 2210 994 2294 suspicior,
1019 2229 1091 2274 curn
1113 2207 1312 2272 vocabulum
1334 2208 1376 2273 ab
1399 2225 1440 2272 eo
1462 2207 1644 2274 deductura
1672 2225 1776 2276 sensu
1806 2208 1964 2275 aarum
1988 2205 2144 2299 (filinae)

585 2359 756 2405 commune
779 2335 877 2402 fuerit
900 2333 1066 2420 Sophroni
1090 2343 1125 2400 et
1147 2331 1311 2416 Plauto.*)

673 2500 741 2566 lam
764 2499 806 2563 ad
829 2499 1003 2582 septimam
1026 2495 1169 2562 classem
1191 2495 1418 2580 pervenimus,
1453 2495 1487 2560 in
1511 2515 1576 2582 qua
1599 2495 1679 2558 libro
1707 2496 1748 2556 de
1770 2495 1895 2560 Natura
1917 2496 2057 2560 Hombrr'e
2079 2499 2143 2584 pri·

585 2645 658 2690 mos
681 2623 777 2688 locus
801 2621 948 2702 debetur,
974 2621 1051 2708 quio
1073 2631 1186 2686 auctor
1209 2620 1283 2706 ipse
1305 2617 1404 2686 huius
1428 2619 1470 2686 de
1494 2630 1633 2708 quatuor
1655 2617 1788 2686 humani
1806 2624 1954 2710 corporis
1973 2623 2144 2690 elementis

585 2749 752 2814 doctrinae
783 2747 984 2810 inventorem
1012 2767 1050 2810 se
1080 2745 1312 2831 praedicat.**)
1369 2745 1465 2813 Hunc
1487 2764 1567 2812 vero
1596 2745 1714 2812 librum
1741 2745 1890 2816 Galenus
1912 2769 2042 2836 semper
2063 2751 2143 2816 dcc·

585 2851 688 2936 trinae
710 2871 953 2957 Hippocrateae
977 2870 1143 2956 exemplar
1164 2870 1355 2959 proposuit,
1386 2871 1464 2959 quia
1487 2891 1561 2938 eum
1582 2891 1661 2956 prae
1685 2873 1804 2937 ceteris
1828 2894 1848 2938 a
1870 2873 2007 2940 Platone
2029 2875 2062 2939 in
2085 2873 2143 2939 illo

584 2995 729 3058 Phaedra
755 2997 831 3064 loco
863 2997 1000 3062 indicari
1029 3017 1224 3081 persuasum
1253 2993 1363 3062 habet.
1414 2998 1532 3086 Neque
1562 3018 1654 3081 sane,
1684 3018 1750 3084 quo
1779 2999 1887 3066 minus
1910 2999 1997 3066 hunc
2025 2999 2143 3066 librum

584 3122 750 3206 genuinis,
775 3143 860 3209 quos
884 3122 1121 3204 recensuimus,
1145 3123 1407 3206 adnumeremus,
1427 3124 1606 3211 quidquam
1628 3123 1751 3206 obstat,
1774 3125 1840 3190 nisi
1862 3127 2029 3192 doctrinae
2052 3123 2144 3191 diffe-

583 3248 697 3314 rentia.
743 3249 826 3314 Naro
850 3248 938 3336 quod
961 3248 1216 3315 additamentum
1245 3249 1286 3309 de
1321 3247 1412 3310 chb
1434 3246 1534 3314 habet
1561 3246 1644 3314 liber
1672 3249 1713 3316 ab
1737 3249 1991 3334 Aostotelem)
2014 3251 2143 3339 Polybo

585 3375 749 3458 tributum,
773 3375 850 3440 inde
874 3373 1188 3458 argruncntusnpcti
1205 3393 1272 3438 non
1295 3382 1419 3457 potest,
1444 3394 1510 3459 quo
1533 3372 1648 3440 librum
1671 3396 1739 3440 non
1761 3377 1938 3460 genuinum
1967 3397 2045 3443 esse
2067 3398 2142 3462 pro-

583 3501 683 3565 betur.
729 3499 844 3564 Multis
881 3499 968 3564 enirn
998 3495 1091 3564 libris
1120 3496 1229 3564 aliena
1258 3509 1336 3563 suut
1364 3498 1501 3564 adnexo.
1550 3497 1587 3562 Si
1616 3520 1696 3566 vero
1732 3502 1797 3568 iam
1825 3502 1974 3589 Polybus
2010 3505 2141 3584 adiecit,

585 3625 769 3709 suspiceris
798 3623 927 3704 librom,
958 3623 1012 3690 oui
1041 3622 1109 3690 hoc
1137 3625 1302 3690 adiectum
1325 3623 1381 3704 sit,
1404 3621 1535 3711 Polybo
1565 3645 1640 3690 esse
1669 3629 1895 3716 antiquiorem.
1940 3628 2089 3696 Ermdem
2112 3628 2143 3691 si

584 3749 716 3833 scriptis
750 3750 890 3813 maxime
925 3749 1078 3832 genuinis
1111 3751 1271 3816 iuniorem
1305 3748 1468 3828 videmus,
1506 3747 1573 3814 lere
1596 3753 1786 3818 necessario
1817 3753 1980 3840 sequitur,
2015 3764 2071 3819 aut
2100 3753 2141 3818 ab

583 3873 658 3956 ipso
681 3872 882 3958 Hippocrate
912 3893 1006 3954 sene,
1036 3882 1135 3939 auta
1165 3873 1329 3960 discipulo
1352 3885 1428 3940 aote
1451 3873 1542 3942 illurn
1564 3874 1685 3962 Polybi
1706 3897 1849 3961 pannum
1873 3899 1951 3946 esse
1973 3880 2141 3965 scripturn.

582 3996 701 4064 Restat
724 3997 866 4085 quidem,
888 4009 926 4064 ut
947 4018 1110 4084 ponamus
1131 4012 1251 4086 posteo
1274 4001 1403 4068 demum
1432 4001 1555 4086 scripto
1581 3999 1665 4066 baec
1695 4002 1825 4069 divorsa
1853 4025 1931 4072 esse
1954 4003 2141 4084 coniuncta,

583 4125 643 4190 sed
665 4143 773 4211 neque
791 4126 837 4189 ita
855 4124 973 4209 prioris
991 4125 1094 4210 partis
1112 4125 1289 4192 auctoritas
1313 4125 1518 4191 irmniouitur.
1553 4127 1685 4194 Nullum
1704 4127 1790 4192 enim
1802 4138 1911 4194 exstat
1928 4138 1985 4194 aut
1997 4130 2140 4214 signum,

582 4263 638 4318 aut
660 4251 897 4334 testiinonium,
927 4253 1017 4340 quod
1040 4252 1138 4317 etiam
1160 4252 1300 4335 priorem
1324 4261 1449 4336 portem
1472 4247 1601 4337 Polybo
1631 4270 1776 4340 unquam
1806 4253 2005 4340 adscriptam
2033 4254 2140 4322 fuisse

652 4569 680 4638 c)
717 4567 853 4637 Stephani
870 4568 1004 4623 Pbesaur.
1024 4581 1048 4620 a.
1066 4581 1092 4620 r.
1116 4557 1239 4644 βλέννα.

638 4688 680 4759 ”)
717 4685 881 4742 Doctrinaro
901 4685 1059 4740 accuratius
1077 4683 1209 4752 exposcit
1226 4684 1257 4738 S.
1276 4685 1308 4740 1..
1325 4683 1493 4742 Steiobelnr:
1516 4684 1652 4740 Doctrina
1660 4683 1794 4740 Veterum
1814 4685 1849 4739 do
1867 4684 1960 4740 bione.
1982 4683 2137 4754 Haurborgi

724 4799 802 4850 roco.
838 4809 867 4864 p.
888 4797 918 4847 rr
940 4806 999 4862 sqq.

617 4927 677 4998 οθ’)
722 4927 834 4982 aristot.
854 4925 891 4978 de
911 4923 1018 4978 Histor.
1038 4923 1157 4980 Animal·
1178 4925 1233 4980 ill.
1250 4928 1279 4980 a.
