<?xml version="1.0" encoding="UTF-8"?>
<!DOCTYPE html PUBLIC "-//W3C//DTD XHTML 1.0 Transitional//EN"
    "http://www.w3.org/TR/xhtml1/DTD/xhtml1-transitional.dtd">
<html xmlns="http://www.w3.org/1999/xhtml" xml:lang="en" lang="en">
 <head>
  <title>
</title>
<meta http-equiv="Content-Type" content="text/html;charset=utf-8" />
  <meta name='ocr-system' content='tesseract 3.04.00' />
  <meta name='ocr-capabilities' content='ocr_page ocr_carea ocr_par ocr_line ocrx_word'/>
</head>
<body>
  <div class='ocr_page' id='page_1' title='image "./hippocratisnomi00petegoog_0041.png"; bbox 0 0 4812 6092; ppageno 0'>
   <div class='ocr_carea' id='block_1_1' title="bbox 1290 691 1508 754">
    <p class='ocr_par' dir='ltr' id='par_1_1' title="bbox 1290 691 1508 754">
     <span class='ocr_line' id='line_1_1' title="bbox 1290 691 1508 754; baseline -0.014 -16"><span class='ocrx_word' id='word_1_1' title='bbox 1290 691 1508 754; x_wconf 72' lang='lat'>-20-‚</span> 
     </span>
    </p>
   </div>
   <div class='ocr_carea' id='block_1_2' title="bbox 625 865 2172 1078">
    <p class='ocr_par' dir='ltr' id='par_1_2' title="bbox 625 865 2172 1078">
     <span class='ocr_line' id='line_1_2' title="bbox 714 865 2172 952; baseline 0 -20"><span class='ocrx_word' id='word_1_2' title='bbox 714 865 844 932; x_wconf 85' lang='lat' dir='ltr'><strong>Praeter</strong></span> <span class='ocrx_word' id='word_1_3' title='bbox 872 865 1024 934; x_wconf 81' lang='lat' dir='ltr'><strong>Dioclem</strong></span> <span class='ocrx_word' id='word_1_4' title='bbox 1054 880 1087 931; x_wconf 90' lang='lat' dir='ltr'><strong>et</strong></span> <span class='ocrx_word' id='word_1_5' title='bbox 1115 866 1327 952; x_wconf 80' lang='lat' dir='ltr'><strong>Apollonium</strong></span> <span class='ocrx_word' id='word_1_6' title='bbox 1351 867 1543 934; x_wconf 85' lang='lat' dir='ltr'><strong>Cittiensem</strong></span> <span class='ocrx_word' id='word_1_7' title='bbox 1573 867 1606 932; x_wconf 91' lang='lat' dir='ltr'><strong>in</strong></span> <span class='ocrx_word' id='word_1_8' title='bbox 1628 865 1694 931; x_wconf 90' lang='lat' dir='ltr'><strong>hoc</strong></span> <span class='ocrx_word' id='word_1_9' title='bbox 1724 867 1765 928; x_wconf 75' lang='lat' dir='ltr'><strong>ete</strong></span> <span class='ocrx_word' id='word_1_10' title='bbox 1786 867 1937 930; x_wconf 79' lang='lat' dir='ltr'><strong>Articulis</strong></span> <span class='ocrx_word' id='word_1_11' title='bbox 1968 867 2047 932; x_wconf 86' lang='lat' dir='ltr'><strong>libro</strong></span> <span class='ocrx_word' id='word_1_12' title='bbox 2077 866 2172 932; x_wconf 88' lang='lat' dir='ltr'><strong>iuter·</strong></span> 
     </span>
     <span class='ocr_line' id='line_1_3' title="bbox 625 989 2171 1078; baseline 0 -22"><span class='ocrx_word' id='word_1_13' title='bbox 625 992 778 1076; x_wconf 83' lang='lat' dir='ltr'><strong>pretanrlo</strong></span> <span class='ocrx_word' id='word_1_14' title='bbox 808 991 930 1076; x_wconf 82' lang='lat' dir='ltr'><strong>versati</strong></span> <span class='ocrx_word' id='word_1_15' title='bbox 958 989 1087 1058; x_wconf 82' lang='lat' dir='ltr'><strong>iuerrurt</strong></span> <span class='ocrx_word' id='word_1_16' title='bbox 1116 992 1201 1058; x_wconf 93' lang='lat' dir='ltr'><strong>alius</strong></span> <span class='ocrx_word' id='word_1_17' title='bbox 1233 993 1365 1078; x_wconf 89' lang='lat' dir='ltr'><strong>quidam</strong></span> <span class='ocrx_word' id='word_1_18' title='bbox 1388 993 1586 1078; x_wconf 86' lang='lat' dir='ltr'><strong>ApoHonius</strong></span> <span class='ocrx_word' id='word_1_19' title='bbox 1608 1001 1688 1056; x_wconf 86' lang='lat' dir='ltr'><strong>natu</strong></span> <span class='ocrx_word' id='word_1_20' title='bbox 1710 991 1823 1072; x_wconf 87' lang='lat' dir='ltr'><strong>maior,</strong></span> <span class='ocrx_word' id='word_1_21' title='bbox 1851 990 2028 1070; x_wconf 82' lang='lat' dir='ltr'><strong>Bacchius,</strong></span> <span class='ocrx_word' id='word_1_22' title='bbox 2060 991 2171 1056; x_wconf 85' lang='lat' dir='ltr'><strong>Zenon</strong></span> 
     </span>
    </p>
   </div>
   <div class='ocr_carea' id='block_1_3' title="bbox 623 1115 2172 1348">
    <p class='ocr_par' dir='ltr' id='par_1_3' title="bbox 623 1115 2172 1348">
     <span class='ocr_line' id='line_1_4' title="bbox 623 1115 2172 1218; baseline -0.001 -38"><span class='ocrx_word' id='word_1_23' title='bbox 623 1127 719 1200; x_wconf 83' lang='lat' dir='ltr'><strong>atque</strong></span> <span class='ocrx_word' id='word_1_24' title='bbox 747 1115 1011 1200; x_wconf 63' lang='lat' dir='ltr'><strong>Remiserunt)</strong></span> <span class='ocrx_word' id='word_1_25' title='bbox 1065 1115 1211 1218; x_wconf 67' lang='lat' dir='ltr'><strong>Quorum</strong></span> <span class='ocrx_word' id='word_1_26' title='bbox 1240 1119 1416 1182; x_wconf 88' lang='lat' dir='ltr'><strong>auctoritas</strong></span> <span class='ocrx_word' id='word_1_27' title='bbox 1446 1118 1593 1202; x_wconf 85' lang='lat' dir='ltr'><strong>quamvis</strong></span> <span class='ocrx_word' id='word_1_28' title='bbox 1625 1135 1742 1200; x_wconf 78' lang='lat' dir='ltr'><strong>magna</strong></span> <span class='ocrx_word' id='word_1_29' title='bbox 1771 1118 1816 1180; x_wconf 92' lang='lat' dir='ltr'><strong>sit</strong></span> <span class='ocrx_word' id='word_1_30' title='bbox 1839 1117 1881 1181; x_wconf 86' lang='lat' dir='ltr'><strong>ad</strong></span> <span class='ocrx_word' id='word_1_31' title='bbox 1902 1116 2019 1182; x_wconf 91' lang='lat' dir='ltr'><strong>librum</strong></span> <span class='ocrx_word' id='word_1_32' title='bbox 2044 1117 2172 1202; x_wconf 90' lang='lat' dir='ltr'><strong>Hippo-</strong></span> 
     </span>
     <span class='ocr_line' id='line_1_5' title="bbox 623 1215 2171 1348; baseline 0 -42"><span class='ocrx_word' id='word_1_33' title='bbox 623 1241 702 1306; x_wconf 71' lang='lat' dir='ltr'><strong>cen</strong></span> <span class='ocrx_word' id='word_1_34' title='bbox 724 1241 971 1321; x_wconf 68' lang='lat' dir='ltr'><strong>vincennam,</strong></span> <span class='ocrx_word' id='word_1_35' title='bbox 1001 1253 1098 1326; x_wconf 84' lang='lat' dir='ltr'><strong>utque</strong></span> <span class='ocrx_word' id='word_1_36' title='bbox 1121 1245 1280 1309; x_wconf 71' lang='lat' dir='ltr'><strong>accedant</strong></span> <span class='ocrx_word' id='word_1_37' title='bbox 1303 1243 1420 1348; x_wconf 55' lang='lat' dir='ltr'><strong>enen</strong></span> <span class='ocrx_word' id='word_1_38' title='bbox 1444 1255 1476 1307; x_wconf 72' lang='lat' dir='ltr'><strong>er</strong></span> <span class='ocrx_word' id='word_1_39' title='bbox 1500 1242 1639 1308; x_wconf 79' lang='lat' dir='ltr'><strong>canant</strong></span> <span class='ocrx_word' id='word_1_40' title='bbox 1654 1215 1866 1322; x_wconf 61' lang='lat' dir='ltr'><strong>&#39;resonum</strong></span> <span class='ocrx_word' id='word_1_41' title='bbox 1890 1261 1975 1326; x_wconf 73' lang='lat' dir='ltr'><strong>quae</strong></span> <span class='ocrx_word' id='word_1_42' title='bbox 1997 1240 2171 1320; x_wconf 82' lang='lat' dir='ltr'><strong>affirment,</strong></span> 
     </span>
    </p>
   </div>
   <div class='ocr_carea' id='block_1_4' title="bbox 623 1365 2174 1453">
    <p class='ocr_par' dir='ltr' id='par_1_4' title="bbox 623 1365 2174 1453">
     <span class='ocr_line' id='line_1_6' title="bbox 623 1365 2174 1453; baseline -0.001 -23"><span class='ocrx_word' id='word_1_43' title='bbox 623 1367 784 1432; x_wconf 90' lang='lat' dir='ltr'><strong>neminem</strong></span> <span class='ocrx_word' id='word_1_44' title='bbox 807 1368 847 1432; x_wconf 82' lang='lat' dir='ltr'><strong>tle</strong></span> <span class='ocrx_word' id='word_1_45' title='bbox 870 1369 1011 1452; x_wconf 78' lang='lat' dir='ltr'><strong>gepuina</strong></span> <span class='ocrx_word' id='word_1_46' title='bbox 1036 1369 1159 1452; x_wconf 77' lang='lat' dir='ltr'><strong>origirm</strong></span> <span class='ocrx_word' id='word_1_47' title='bbox 1183 1369 1352 1434; x_wconf 73' lang='lat' dir='ltr'>dubitasse</span> <span class='ocrx_word' id='word_1_48' title='bbox 1374 1380 1502 1453; x_wconf 90' lang='lat' dir='ltr'><strong>praeter</strong></span> <span class='ocrx_word' id='word_1_49' title='bbox 1524 1389 1596 1448; x_wconf 90' lang='lat' dir='ltr'><strong>eos,</strong></span> <span class='ocrx_word' id='word_1_50' title='bbox 1627 1366 1683 1450; x_wconf 83' lang='lat' dir='ltr'><strong>qui</strong></span> <span class='ocrx_word' id='word_1_51' title='bbox 1705 1366 1793 1432; x_wconf 89' lang='lat' dir='ltr'><strong>hunc</strong></span> <span class='ocrx_word' id='word_1_52' title='bbox 1814 1365 1930 1432; x_wconf 90' lang='lat' dir='ltr'><strong>librum</strong></span> <span class='ocrx_word' id='word_1_53' title='bbox 1954 1387 2029 1432; x_wconf 84' lang='lat' dir='ltr'><strong>cum</strong></span> <span class='ocrx_word' id='word_1_54' title='bbox 2051 1366 2108 1432; x_wconf 94' lang='lat' dir='ltr'><strong>illo</strong></span> <span class='ocrx_word' id='word_1_55' title='bbox 2133 1369 2174 1428; x_wconf 77' lang='lat' dir='ltr'><strong>de</strong></span> 
     </span>
    </p>
   </div>
   <div class='ocr_carea' id='block_1_5' title="bbox 624 1485 2389 1580">
    <p class='ocr_par' dir='ltr' id='par_1_5' title="bbox 624 1485 2389 1580">
     <span class='ocr_line' id='line_1_7' title="bbox 624 1485 2389 1580; baseline 0.005 -28"><span class='ocrx_word' id='word_1_56' title='bbox 624 1491 786 1554; x_wconf 72' lang='lat' dir='ltr'><strong>macene</strong></span> <span class='ocrx_word' id='word_1_57' title='bbox 819 1493 1030 1576; x_wconf 83' lang='lat' dir='ltr'><strong>inscriptione</strong></span> <span class='ocrx_word' id='word_1_58' title='bbox 1061 1496 1101 1556; x_wconf 85' lang='lat' dir='ltr'><strong>dc</strong></span> <span class='ocrx_word' id='word_1_59' title='bbox 1132 1497 1267 1576; x_wconf 79' lang='lat' dir='ltr'><strong>officina</strong></span> <span class='ocrx_word' id='word_1_60' title='bbox 1295 1494 1418 1560; x_wconf 85' lang='lat' dir='ltr'><strong>Medici</strong></span> <span class='ocrx_word' id='word_1_61' title='bbox 1454 1495 1662 1560; x_wconf 88' lang='lat' dir='ltr'><strong>coniunctum</strong></span> <span class='ocrx_word' id='word_1_62' title='bbox 1699 1493 1741 1557; x_wconf 85' lang='lat' dir='ltr'><strong>ad</strong></span> <span class='ocrx_word' id='word_1_63' title='bbox 1758 1492 1993 1577; x_wconf 79' lang='lat' dir='ltr'><strong>Hippocratem</strong></span> <span class='ocrx_word' id='word_1_64' title='bbox 2022 1492 2173 1577; x_wconf 75' lang='lat' dir='ltr'><strong>primunr,</strong></span> <span class='ocrx_word' id='word_1_65' title='bbox 2263 1485 2267 1490; x_wconf 68' lang='grc'>’</span> <span class='ocrx_word' id='word_1_66' title='bbox 2388 1551 2389 1580; x_wconf 64' lang='lat'><strong>,</strong></span> 
     </span>
    </p>
   </div>
   <div class='ocr_carea' id='block_1_6' title="bbox 623 1615 2174 3330">
    <p class='ocr_par' dir='ltr' id='par_1_6' title="bbox 623 1615 2174 3330">
     <span class='ocr_line' id='line_1_8' title="bbox 625 1615 2172 1702; baseline 0 -20"><span class='ocrx_word' id='word_1_67' title='bbox 625 1615 796 1682; x_wconf 86' lang='lat' dir='ltr'><strong>Gnosidici</strong></span> <span class='ocrx_word' id='word_1_68' title='bbox 818 1616 920 1682; x_wconf 85' lang='lat' dir='ltr'><strong>lilium</strong></span> <span class='ocrx_word' id='word_1_69' title='bbox 941 1617 1104 1699; x_wconf 82' lang='lat' dir='ltr'><strong>referrent,</strong></span> <span class='ocrx_word' id='word_1_70' title='bbox 1112 1618 1160 1698; x_wconf 57' lang='lat'><strong>³⁶²³)</strong></span> <span class='ocrx_word' id='word_1_71' title='bbox 1184 1629 1291 1685; x_wconf 89' lang='lat' dir='ltr'><strong>tamen</strong></span> <span class='ocrx_word' id='word_1_72' title='bbox 1314 1631 1425 1686; x_wconf 84' lang='lat' dir='ltr'><strong>tantae</strong></span> <span class='ocrx_word' id='word_1_73' title='bbox 1448 1631 1620 1684; x_wconf 87' lang='lat' dir='ltr'><strong>occurrrmt</strong></span> <span class='ocrx_word' id='word_1_74' title='bbox 1642 1616 1866 1697; x_wconf 87' lang='lat' dir='ltr'><strong>difficultates,</strong></span> <span class='ocrx_word' id='word_1_75' title='bbox 1896 1619 1927 1682; x_wconf 86' lang='lat' dir='ltr'><strong>si</strong></span> <span class='ocrx_word' id='word_1_76' title='bbox 1956 1619 2031 1702; x_wconf 85' lang='lat' dir='ltr'><strong>quis</strong></span> <span class='ocrx_word' id='word_1_77' title='bbox 2054 1617 2172 1682; x_wconf 89' lang='lat' dir='ltr'><strong>librum</strong></span> 
     </span>
     <span class='ocr_line' id='line_1_9' title="bbox 624 1741 2173 1842; baseline 0.001 -37"><span class='ocrx_word' id='word_1_78' title='bbox 624 1741 811 1825; x_wconf 80' lang='lat' dir='ltr'><strong>diligentius</strong></span> <span class='ocrx_word' id='word_1_79' title='bbox 835 1745 1075 1826; x_wconf 80' lang='lat' dir='ltr'><strong>examinaverit,</strong></span> <span class='ocrx_word' id='word_1_80' title='bbox 1104 1755 1141 1808; x_wconf 91' lang='lat' dir='ltr'><strong>ut</strong></span> <span class='ocrx_word' id='word_1_81' title='bbox 1164 1743 1401 1828; x_wconf 55' lang='lat' dir='ltr'><strong>omnemsffl)</strong></span> <span class='ocrx_word' id='word_1_82' title='bbox 1432 1755 1465 1809; x_wconf 90' lang='lat' dir='ltr'><strong>et</strong></span> <span class='ocrx_word' id='word_1_83' title='bbox 1489 1742 1747 1842; x_wconf 61' lang='lat' dir='ltr'><strong>Grtnmiustt**)</strong></span> <span class='ocrx_word' id='word_1_84' title='bbox 1777 1742 1846 1808; x_wconf 92' lang='lat' dir='ltr'><strong>iure</strong></span> <span class='ocrx_word' id='word_1_85' title='bbox 1876 1765 1950 1808; x_wconf 91' lang='lat' dir='ltr'><strong>eum</strong></span> <span class='ocrx_word' id='word_1_86' title='bbox 1979 1744 2173 1828; x_wconf 85' lang='lat' dir='ltr'><strong>Hippocrati</strong></span> 
     </span>
     <span class='ocr_line' id='line_1_10' title="bbox 624 1868 2172 1954; baseline 0 -22"><span class='ocrx_word' id='word_1_87' title='bbox 624 1870 769 1932; x_wconf 87' lang='lat' dir='ltr'><strong>secundo</strong></span> <span class='ocrx_word' id='word_1_88' title='bbox 794 1869 1023 1950; x_wconf 76' lang='lat' dir='ltr'><strong>abiudicarint,</strong></span> <span class='ocrx_word' id='word_1_89' title='bbox 1053 1870 1171 1934; x_wconf 87' lang='lat' dir='ltr'><strong>nedum</strong></span> <span class='ocrx_word' id='word_1_90' title='bbox 1200 1871 1304 1954; x_wconf 90' lang='lat' dir='ltr'><strong>primo</strong></span> <span class='ocrx_word' id='word_1_91' title='bbox 1336 1872 1570 1936; x_wconf 85' lang='lat' dir='ltr'><strong>concesserint.</strong></span> <span class='ocrx_word' id='word_1_92' title='bbox 1624 1869 1780 1954; x_wconf 87' lang='lat' dir='ltr'><strong>Corporis</strong></span> <span class='ocrx_word' id='word_1_93' title='bbox 1804 1870 1890 1934; x_wconf 90' lang='lat' dir='ltr'><strong>enim</strong></span> <span class='ocrx_word' id='word_1_94' title='bbox 1911 1868 2044 1934; x_wconf 89' lang='lat' dir='ltr'><strong>humani</strong></span> <span class='ocrx_word' id='word_1_95' title='bbox 2068 1881 2172 1934; x_wconf 71' lang='lat' dir='ltr'><strong>sunr-</strong></span> 
     </span>
     <span class='ocr_line' id='line_1_11' title="bbox 624 1981 2171 2081; baseline 0 -24"><span class='ocrx_word' id='word_1_96' title='bbox 624 2003 726 2058; x_wconf 86' lang='lat' dir='ltr'><strong>turam</strong></span> <span class='ocrx_word' id='word_1_97' title='bbox 749 2004 846 2078; x_wconf 85' lang='lat' dir='ltr'><strong>atque</strong></span> <span class='ocrx_word' id='word_1_98' title='bbox 869 2005 980 2079; x_wconf 87' lang='lat' dir='ltr'><strong>partes</strong></span> <span class='ocrx_word' id='word_1_99' title='bbox 1003 1981 1240 2060; x_wconf 63' lang='lat' dir='ltr'><strong>auctor&#39;multo</strong></span> <span class='ocrx_word' id='word_1_100' title='bbox 1264 1997 1448 2060; x_wconf 88' lang='lat' dir='ltr'><strong>accuratius</strong></span> <span class='ocrx_word' id='word_1_101' title='bbox 1470 2005 1692 2081; x_wconf 87' lang='lat' dir='ltr'><strong>perscrutatus</strong></span> <span class='ocrx_word' id='word_1_102' title='bbox 1716 1994 1903 2078; x_wconf 85' lang='lat' dir='ltr'><strong>descripsit,</strong></span> <span class='ocrx_word' id='word_1_103' title='bbox 1928 2015 2024 2080; x_wconf 88' lang='lat' dir='ltr'><strong>quam</strong></span> <span class='ocrx_word' id='word_1_104' title='bbox 2047 1997 2081 2058; x_wconf 89' lang='lat' dir='ltr'><strong>iu</strong></span> <span class='ocrx_word' id='word_1_105' title='bbox 2104 1995 2171 2059; x_wconf 91' lang='lat' dir='ltr'><strong>ullo</strong></span> 
     </span>
     <span class='ocr_line' id='line_1_12' title="bbox 623 2117 2172 2203; baseline -0.001 -21"><span class='ocrx_word' id='word_1_106' title='bbox 623 2119 765 2202; x_wconf 82' lang='lat' dir='ltr'><strong>genuino</strong></span> <span class='ocrx_word' id='word_1_107' title='bbox 789 2119 912 2203; x_wconf 89' lang='lat' dir='ltr'><strong>scripto</strong></span> <span class='ocrx_word' id='word_1_108' title='bbox 935 2117 1057 2184; x_wconf 80' lang='lat' dir='ltr'><strong>lectum</strong></span> <span class='ocrx_word' id='word_1_109' title='bbox 1081 2129 1142 2184; x_wconf 88' lang='lat' dir='ltr'><strong>est.</strong></span> <span class='ocrx_word' id='word_1_110' title='bbox 1179 2118 1459 2203; x_wconf 60' lang='lat' dir='ltr'><strong>nuseuosrtffi)</strong></span> <span class='ocrx_word' id='word_1_111' title='bbox 1495 2121 1580 2185; x_wconf 86' lang='lat' dir='ltr'><strong>enirn</strong></span> <span class='ocrx_word' id='word_1_112' title='bbox 1604 2131 1638 2184; x_wconf 89' lang='lat' dir='ltr'><strong>et</strong></span> <span class='ocrx_word' id='word_1_113' title='bbox 1659 2118 1881 2203; x_wconf 78' lang='lat' dir='ltr'><strong>glandulas†)</strong></span> <span class='ocrx_word' id='word_1_114' title='bbox 1905 2120 2048 2184; x_wconf 91' lang='lat' dir='ltr'><strong>omnium</strong></span> <span class='ocrx_word' id='word_1_115' title='bbox 2069 2121 2172 2183; x_wconf 85' lang='lat' dir='ltr'><strong>merli-</strong></span> 
     </span>
     <span class='ocr_line' id='line_1_13' title="bbox 625 2242 2171 2330; baseline -0.002 -21"><span class='ocrx_word' id='word_1_116' title='bbox 625 2265 744 2326; x_wconf 84' lang='lat' dir='ltr'><strong>comm,</strong></span> <span class='ocrx_word' id='word_1_117' title='bbox 768 2245 823 2330; x_wconf 84' lang='lat' dir='ltr'><strong>qui</strong></span> <span class='ocrx_word' id='word_1_118' title='bbox 845 2245 943 2308; x_wconf 90' lang='lat' dir='ltr'><strong>nobis</strong></span> <span class='ocrx_word' id='word_1_119' title='bbox 966 2245 1191 2326; x_wconf 88' lang='lat' dir='ltr'><strong>innotuerunt,</strong></span> <span class='ocrx_word' id='word_1_120' title='bbox 1220 2245 1343 2330; x_wconf 86' lang='lat' dir='ltr'><strong>primus</strong></span> <span class='ocrx_word' id='word_1_121' title='bbox 1367 2247 1513 2330; x_wconf 76' lang='lat' dir='ltr'><strong>agnomt,</strong></span> <span class='ocrx_word' id='word_1_122' title='bbox 1537 2256 1635 2330; x_wconf 89' lang='lat' dir='ltr'><strong>atque</strong></span> <span class='ocrx_word' id='word_1_123' title='bbox 1658 2245 1843 2309; x_wconf 82' lang='lat' dir='ltr'><strong>arteriarum</strong></span> <span class='ocrx_word' id='word_1_124' title='bbox 1866 2242 1946 2309; x_wconf 83' lang='lat' dir='ltr'><strong>iacit</strong></span> <span class='ocrx_word' id='word_1_125' title='bbox 1963 2244 2171 2322; x_wconf 90' lang='lat' dir='ltr'><strong>mentionem,</strong></span> 
     </span>
     <span class='ocr_line' id='line_1_14' title="bbox 623 2367 2171 2456; baseline -0.002 -22"><span class='ocrx_word' id='word_1_126' title='bbox 623 2371 665 2436; x_wconf 88' lang='lat' dir='ltr'><strong>dc</strong></span> <span class='ocrx_word' id='word_1_127' title='bbox 686 2391 840 2436; x_wconf 87' lang='lat' dir='ltr'><strong>venarum</strong></span> <span class='ocrx_word' id='word_1_128' title='bbox 861 2391 940 2435; x_wconf 86' lang='lat' dir='ltr'><strong>vero</strong></span> <span class='ocrx_word' id='word_1_129' title='bbox 964 2380 997 2433; x_wconf 92' lang='lat' dir='ltr'><strong>et</strong></span> <span class='ocrx_word' id='word_1_130' title='bbox 1020 2370 1214 2456; x_wconf 74' lang='lat' dir='ltr'><strong>arteriarum,</strong></span> <span class='ocrx_word' id='word_1_131' title='bbox 1222 2368 1283 2450; x_wconf 69' lang='grc' dir='ltr'><strong>Η)</strong></span> <span class='ocrx_word' id='word_1_132' title='bbox 1314 2371 1411 2435; x_wconf 86' lang='lat' dir='ltr'><strong>sicuti</strong></span> <span class='ocrx_word' id='word_1_133' title='bbox 1440 2372 1482 2436; x_wconf 88' lang='lat' dir='ltr'><strong>de</strong></span> <span class='ocrx_word' id='word_1_134' title='bbox 1510 2369 1733 2454; x_wconf 83' lang='lat' dir='ltr'><strong>glandularnm</strong></span> <span class='ocrx_word' id='word_1_135' title='bbox 1762 2379 1876 2434; x_wconf 88' lang='lat' dir='ltr'><strong>natura</strong></span> <span class='ocrx_word' id='word_1_136' title='bbox 1905 2367 1984 2434; x_wconf 83' lang='lat' dir='ltr'><strong>alibi</strong></span> <span class='ocrx_word' id='word_1_137' title='bbox 2007 2389 2045 2433; x_wconf 87' lang='lat' dir='ltr'><strong>se</strong></span> <span class='ocrx_word' id='word_1_138' title='bbox 2068 2389 2171 2452; x_wconf 82' lang='lat' dir='ltr'><strong>expo-</strong></span> 
     </span>
     <span class='ocr_line' id='line_1_15' title="bbox 624 2493 2173 2582; baseline 0 -20"><span class='ocrx_word' id='word_1_139' title='bbox 624 2497 733 2562; x_wconf 82' lang='lat' dir='ltr'><strong>suisse</strong></span> <span class='ocrx_word' id='word_1_140' title='bbox 751 2496 927 2582; x_wconf 86' lang='lat' dir='ltr'><strong>profitetur.</strong></span> <span class='ocrx_word' id='word_1_141' title='bbox 959 2495 1056 2560; x_wconf 91' lang='lat' dir='ltr'><strong>Haec</strong></span> <span class='ocrx_word' id='word_1_142' title='bbox 1078 2493 1197 2579; x_wconf 89' lang='lat' dir='ltr'><strong>ipsius,</strong></span> <span class='ocrx_word' id='word_1_143' title='bbox 1221 2495 1263 2559; x_wconf 88' lang='lat' dir='ltr'><strong>ad</strong></span> <span class='ocrx_word' id='word_1_144' title='bbox 1286 2516 1369 2580; x_wconf 87' lang='lat' dir='ltr'><strong>quae</strong></span> <span class='ocrx_word' id='word_1_145' title='bbox 1387 2505 1556 2579; x_wconf 83' lang='lat' dir='ltr'><strong>provocat,</strong></span> <span class='ocrx_word' id='word_1_146' title='bbox 1581 2495 1703 2578; x_wconf 89' lang='lat' dir='ltr'><strong>scripta</strong></span> <span class='ocrx_word' id='word_1_147' title='bbox 1723 2499 1902 2582; x_wconf 79' lang='lat' dir='ltr'><strong>agnovisse</strong></span> <span class='ocrx_word' id='word_1_148' title='bbox 1916 2497 2013 2563; x_wconf 88' lang='lat' dir='ltr'><strong>nobis</strong></span> <span class='ocrx_word' id='word_1_149' title='bbox 2025 2499 2173 2562; x_wconf 81' lang='lat' dir='ltr'><strong>videmur</strong></span> 
     </span>
     <span class='ocr_line' id='line_1_16' title="bbox 625 2617 2173 2708; baseline -0.001 -25"><span class='ocrx_word' id='word_1_150' title='bbox 625 2621 659 2684; x_wconf 93' lang='lat' dir='ltr'><strong>in</strong></span> <span class='ocrx_word' id='word_1_151' title='bbox 675 2619 808 2700; x_wconf 86' lang='lat' dir='ltr'><strong>libellis,</strong></span> <span class='ocrx_word' id='word_1_152' title='bbox 832 2621 887 2706; x_wconf 92' lang='lat' dir='ltr'><strong>qui</strong></span> <span class='ocrx_word' id='word_1_153' title='bbox 905 2629 1087 2704; x_wconf 82' lang='lat' dir='ltr'><strong>supersunt</strong></span> <span class='ocrx_word' id='word_1_154' title='bbox 1110 2621 1150 2680; x_wconf 80' lang='lat' dir='ltr'><strong>de</strong></span> <span class='ocrx_word' id='word_1_155' title='bbox 1170 2617 1358 2701; x_wconf 48' lang='grc' dir='ltr'><strong>(ἵστω-Η)</strong></span> <span class='ocrx_word' id='word_1_156' title='bbox 1382 2631 1481 2706; x_wconf 88' lang='lat' dir='ltr'><strong>atque</strong></span> <span class='ocrx_word' id='word_1_157' title='bbox 1504 2621 1544 2681; x_wconf 83' lang='lat' dir='ltr'><strong>dc</strong></span> <span class='ocrx_word' id='word_1_158' title='bbox 1557 2620 1721 2708; x_wconf 75' lang='lat' dir='ltr'><strong>Glandrrlir</strong></span> <span class='ocrx_word' id='word_1_159' title='bbox 1733 2621 1892 2706; x_wconf 89' lang='lat' dir='ltr'><strong>inscripti.</strong></span> <span class='ocrx_word' id='word_1_160' title='bbox 1934 2621 1987 2682; x_wconf 83' lang='lat' dir='ltr'><strong>De</strong></span> <span class='ocrx_word' id='word_1_161' title='bbox 2006 2621 2173 2683; x_wconf 65' lang='lat' dir='ltr'><strong>iilnndnlir</strong></span> 
     </span>
     <span class='ocr_line' id='line_1_17' title="bbox 626 2737 2172 2831; baseline 0.003 -25"><span class='ocrx_word' id='word_1_162' title='bbox 626 2737 746 2820; x_wconf 69' lang='lat' dir='ltr'><strong>itiner,</strong></span> <span class='ocrx_word' id='word_1_163' title='bbox 775 2745 830 2830; x_wconf 84' lang='lat' dir='ltr'><strong>qni</strong></span> <span class='ocrx_word' id='word_1_164' title='bbox 860 2755 985 2825; x_wconf 79' lang='lat' dir='ltr'><strong>exstat,</strong></span> <span class='ocrx_word' id='word_1_165' title='bbox 1016 2745 1162 2810; x_wconf 88' lang='lat' dir='ltr'><strong>eiusdem</strong></span> <span class='ocrx_word' id='word_1_166' title='bbox 1185 2747 1328 2811; x_wconf 87' lang='lat' dir='ltr'><strong>auctoris</strong></span> <span class='ocrx_word' id='word_1_167' title='bbox 1359 2765 1454 2826; x_wconf 87' lang='lat' dir='ltr'><strong>esse,</strong></span> <span class='ocrx_word' id='word_1_168' title='bbox 1486 2743 1632 2809; x_wconf 90' lang='lat' dir='ltr'><strong>Galenus</strong></span> <span class='ocrx_word' id='word_1_169' title='bbox 1641 2743 1750 2828; x_wconf 77' lang='lat'><em>††††)</em></span> <span class='ocrx_word' id='word_1_170' title='bbox 1780 2746 1912 2831; x_wconf 87' lang='lat' dir='ltr'><strong>quidem</strong></span> <span class='ocrx_word' id='word_1_171' title='bbox 1934 2747 2085 2830; x_wconf 83' lang='lat' dir='ltr'><strong>negavit,</strong></span> <span class='ocrx_word' id='word_1_172' title='bbox 2110 2749 2172 2811; x_wconf 82' lang='lat' dir='ltr'><strong>seri</strong></span> 
     </span>
     <span class='ocr_line' id='line_1_18' title="bbox 625 2868 2171 2954; baseline 0.001 -20"><span class='ocrx_word' id='word_1_173' title='bbox 625 2869 715 2934; x_wconf 89' lang='lat' dir='ltr'><strong>nullo</strong></span> <span class='ocrx_word' id='word_1_174' title='bbox 746 2868 811 2936; x_wconf 83' lang='lat' dir='ltr'><strong>alio</strong></span> <span class='ocrx_word' id='word_1_175' title='bbox 841 2879 1029 2953; x_wconf 78' lang='lat' dir='ltr'><strong>argumento</strong></span> <span class='ocrx_word' id='word_1_176' title='bbox 1059 2881 1167 2934; x_wconf 90' lang='lat' dir='ltr'><strong>motus</strong></span> <span class='ocrx_word' id='word_1_177' title='bbox 1196 2869 1261 2933; x_wconf 90' lang='lat' dir='ltr'><strong>nisi</strong></span> <span class='ocrx_word' id='word_1_178' title='bbox 1295 2869 1491 2954; x_wconf 83' lang='lat' dir='ltr'><strong>perfectiore</strong></span> <span class='ocrx_word' id='word_1_179' title='bbox 1521 2869 1704 2934; x_wconf 82' lang='lat' dir='ltr'><strong>anatomiae</strong></span> <span class='ocrx_word' id='word_1_180' title='bbox 1740 2871 1876 2951; x_wconf 89' lang='lat' dir='ltr'><strong>ratione,</strong></span> <span class='ocrx_word' id='word_1_181' title='bbox 1907 2871 2014 2936; x_wconf 89' lang='lat' dir='ltr'><strong>aliena</strong></span> <span class='ocrx_word' id='word_1_182' title='bbox 2043 2871 2100 2936; x_wconf 91' lang='lat' dir='ltr'><strong>illa</strong></span> <span class='ocrx_word' id='word_1_183' title='bbox 2129 2872 2171 2936; x_wconf 89' lang='lat' dir='ltr'><strong>ab</strong></span> 
     </span>
     <span class='ocr_line' id='line_1_19' title="bbox 625 2992 2174 3081; baseline 0.003 -25"><span class='ocrx_word' id='word_1_184' title='bbox 625 2992 838 3078; x_wconf 84' lang='lat' dir='ltr'><strong>Hipppcrate,</strong></span> <span class='ocrx_word' id='word_1_185' title='bbox 863 2993 1004 3078; x_wconf 89' lang='lat' dir='ltr'><strong>quamin</strong></span> <span class='ocrx_word' id='word_1_186' title='bbox 1016 2993 1098 3058; x_wconf 91' lang='lat' dir='ltr'><strong>libro</strong></span> <span class='ocrx_word' id='word_1_187' title='bbox 1111 2994 1323 3075; x_wconf 76' lang='lat' dir='ltr'><strong>deArticulir,</strong></span> <span class='ocrx_word' id='word_1_188' title='bbox 1348 3014 1446 3081; x_wconf 88' lang='lat' dir='ltr'><strong>quem</strong></span> <span class='ocrx_word' id='word_1_189' title='bbox 1468 2994 1644 3077; x_wconf 82' lang='lat' dir='ltr'><strong>genuinum</strong></span> <span class='ocrx_word' id='word_1_190' title='bbox 1667 3005 1770 3078; x_wconf 73' lang='lat' dir='ltr'><strong>putat,</strong></span> <span class='ocrx_word' id='word_1_191' title='bbox 1790 2997 1927 3062; x_wconf 85' lang='lat' dir='ltr'><strong>eandem</strong></span> <span class='ocrx_word' id='word_1_192' title='bbox 1944 3017 2009 3060; x_wconf 93' lang='lat' dir='ltr'><strong>non</strong></span> <span class='ocrx_word' id='word_1_193' title='bbox 2029 2997 2174 3060; x_wconf 81' lang='lat' dir='ltr'><strong>animod-</strong></span> 
     </span>
     <span class='ocr_line' id='line_1_20' title="bbox 623 3118 2170 3206; baseline 0 -24"><span class='ocrx_word' id='word_1_194' title='bbox 623 3119 729 3201; x_wconf 85' lang='lat' dir='ltr'><strong>vertit,</strong></span> <span class='ocrx_word' id='word_1_195' title='bbox 753 3136 852 3204; x_wconf 85' lang='lat' dir='ltr'><strong>quaro</strong></span> <span class='ocrx_word' id='word_1_196' title='bbox 876 3119 947 3183; x_wconf 89' lang='lat' dir='ltr'><strong>eius</strong></span> <span class='ocrx_word' id='word_1_197' title='bbox 971 3119 1005 3183; x_wconf 92' lang='lat' dir='ltr'><strong>in</strong></span> <span class='ocrx_word' id='word_1_198' title='bbox 1027 3118 1089 3183; x_wconf 90' lang='lat' dir='ltr'><strong>hac</strong></span> <span class='ocrx_word' id='word_1_199' title='bbox 1112 3141 1146 3186; x_wconf 88' lang='lat' dir='ltr'><strong>re</strong></span> <span class='ocrx_word' id='word_1_200' title='bbox 1168 3120 1323 3186; x_wconf 82' lang='lat' dir='ltr'><strong>iudicium</strong></span> <span class='ocrx_word' id='word_1_201' title='bbox 1345 3119 1427 3185; x_wconf 87' lang='lat' dir='ltr'><strong>nihil</strong></span> <span class='ocrx_word' id='word_1_202' title='bbox 1449 3120 1558 3184; x_wconf 88' lang='lat' dir='ltr'><strong>valere</strong></span> <span class='ocrx_word' id='word_1_203' title='bbox 1580 3131 1701 3203; x_wconf 89' lang='lat' dir='ltr'><strong>potest.</strong></span> <span class='ocrx_word' id='word_1_204' title='bbox 1742 3121 1810 3186; x_wconf 86' lang='lat' dir='ltr'><strong>Sed</strong></span> <span class='ocrx_word' id='word_1_205' title='bbox 1833 3122 1912 3206; x_wconf 85' lang='lat' dir='ltr'><strong>quid</strong></span> <span class='ocrx_word' id='word_1_206' title='bbox 1933 3121 2118 3187; x_wconf 81' lang='lat' dir='ltr'><strong>iaciendum</strong></span> <span class='ocrx_word' id='word_1_207' title='bbox 2136 3121 2170 3182; x_wconf 92' lang='lat' dir='ltr'><strong>in</strong></span> 
     </span>
     <span class='ocr_line' id='line_1_21' title="bbox 625 3243 2167 3330; baseline 0.001 -23"><span class='ocrx_word' id='word_1_208' title='bbox 625 3255 713 3308; x_wconf 88' lang='lat' dir='ltr'><strong>tanta</strong></span> <span class='ocrx_word' id='word_1_209' title='bbox 741 3265 845 3310; x_wconf 87' lang='lat' dir='ltr'><strong>rerum</strong></span> <span class='ocrx_word' id='word_1_210' title='bbox 861 3243 1130 3328; x_wconf 82' lang='lat' dir='ltr'><strong>perturbatione!</strong></span> <span class='ocrx_word' id='word_1_211' title='bbox 1166 3245 1232 3308; x_wconf 82' lang='lat' dir='ltr'><strong>Vix</strong></span> <span class='ocrx_word' id='word_1_212' title='bbox 1260 3243 1353 3310; x_wconf 88' lang='lat' dir='ltr'><strong>aliter</strong></span> <span class='ocrx_word' id='word_1_213' title='bbox 1383 3244 1606 3312; x_wconf 83' lang='lat' dir='ltr'><strong>controversia</strong></span> <span class='ocrx_word' id='word_1_214' title='bbox 1635 3256 1748 3327; x_wconf 87' lang='lat' dir='ltr'><strong>potest</strong></span> <span class='ocrx_word' id='word_1_215' title='bbox 1771 3246 1874 3326; x_wconf 89' lang='lat' dir='ltr'><strong>solvi,</strong></span> <span class='ocrx_word' id='word_1_216' title='bbox 1904 3245 1970 3310; x_wconf 90' lang='lat' dir='ltr'><strong>nisi</strong></span> <span class='ocrx_word' id='word_1_217' title='bbox 1993 3263 2167 3330; x_wconf 90' lang='lat' dir='ltr'><strong>ponamus.</strong></span> 
     </span>
    </p>
   </div>
   <div class='ocr_carea' id='block_1_7' title="bbox 659 3547 2175 4930">
    <p class='ocr_par' dir='ltr' id='par_1_7' title="bbox 659 3547 2175 4930">
     <span class='ocr_line' id='line_1_22' title="bbox 714 3547 2174 3628; baseline -0.002 -22"><span class='ocrx_word' id='word_1_218' title='bbox 714 3555 740 3620; x_wconf 64' lang='lat'><strong>²)</strong></span> <span class='ocrx_word' id='word_1_219' title='bbox 766 3551 914 3626; x_wconf 73' lang='lat' dir='ltr'><strong>Erotisuns</strong></span> <span class='ocrx_word' id='word_1_220' title='bbox 933 3571 961 3622; x_wconf 92' lang='lat' dir='ltr'><strong>p.</strong></span> <span class='ocrx_word' id='word_1_221' title='bbox 980 3557 1024 3609; x_wconf 77' lang='lat'><strong>86.</strong></span> <span class='ocrx_word' id='word_1_222' title='bbox 1045 3553 1149 3608; x_wconf 85' lang='lat' dir='ltr'><strong>Mirum</strong></span> <span class='ocrx_word' id='word_1_223' title='bbox 1168 3559 1211 3609; x_wconf 86' lang='lat' dir='ltr'><strong>est</strong></span> <span class='ocrx_word' id='word_1_224' title='bbox 1229 3569 1312 3624; x_wconf 86' lang='lat' dir='ltr'><strong>quam</strong></span> <span class='ocrx_word' id='word_1_225' title='bbox 1332 3553 1496 3608; x_wconf 78' lang='lat' dir='ltr'><strong>festinanter</strong></span> <span class='ocrx_word' id='word_1_226' title='bbox 1514 3549 1681 3607; x_wconf 83' lang='lat' dir='ltr'><strong>laboraverit</strong></span> <span class='ocrx_word' id='word_1_227' title='bbox 1694 3549 1820 3604; x_wconf 78' lang='lat' dir='ltr'><strong>Galenus</strong></span> <span class='ocrx_word' id='word_1_228' title='bbox 1838 3547 2057 3628; x_wconf 65' lang='lat' dir='ltr'><strong>commentarios,</strong></span> <span class='ocrx_word' id='word_1_229' title='bbox 2069 3549 2104 3601; x_wconf 88' lang='lat' dir='ltr'><strong>de</strong></span> <span class='ocrx_word' id='word_1_230' title='bbox 2123 3550 2174 3604; x_wconf 90' lang='lat' dir='ltr'><strong>boc</strong></span> 
     </span>
     <span class='ocr_line' id='line_1_23' title="bbox 766 3643 2173 3732; baseline -0.003 -20"><span class='ocrx_word' id='word_1_231' title='bbox 766 3658 845 3722; x_wconf 83' lang='lat' dir='ltr'><strong>libro,</strong></span> <span class='ocrx_word' id='word_1_232' title='bbox 871 3659 975 3730; x_wconf 85' lang='lat' dir='ltr'><strong>quippo</strong></span> <span class='ocrx_word' id='word_1_233' title='bbox 993 3661 1153 3732; x_wconf 82' lang='lat' dir='ltr'><strong>ceteroquin</strong></span> <span class='ocrx_word' id='word_1_234' title='bbox 1172 3661 1349 3716; x_wconf 80' lang='lat' dir='ltr'><strong>doctissimus</strong></span> <span class='ocrx_word' id='word_1_235' title='bbox 1367 3659 1412 3713; x_wconf 91' lang='lat' dir='ltr'><strong>bio</strong></span> <span class='ocrx_word' id='word_1_236' title='bbox 1431 3643 1535 3714; x_wconf 72' lang='lat' dir='ltr'><strong>uullirm</strong></span> <span class='ocrx_word' id='word_1_237' title='bbox 1555 3657 1714 3714; x_wconf 82' lang='lat' dir='ltr'><strong>adbibuerit</strong></span> <span class='ocrx_word' id='word_1_238' title='bbox 1731 3657 1914 3727; x_wconf 83' lang='lat' dir='ltr'><strong>antiquiorem</strong></span> <span class='ocrx_word' id='word_1_239' title='bbox 1945 3655 2173 3709; x_wconf 70' lang='lat' dir='ltr'><strong>commentarium</strong></span> 
     </span>
     <span class='ocr_line' id='line_1_24' title="bbox 767 3766 1723 3838; baseline 0.001 -19"><span class='ocrx_word' id='word_1_240' title='bbox 767 3783 856 3836; x_wconf 87' lang='lat' dir='ltr'><strong>neque</strong></span> <span class='ocrx_word' id='word_1_241' title='bbox 873 3767 1063 3822; x_wconf 84' lang='lat' dir='ltr'><strong>observaverit</strong></span> <span class='ocrx_word' id='word_1_242' title='bbox 1081 3784 1197 3835; x_wconf 77' lang='lat' dir='ltr'><strong>magnes</strong></span> <span class='ocrx_word' id='word_1_243' title='bbox 1215 3768 1401 3832; x_wconf 84' lang='lat' dir='ltr'><strong>difficultates,</strong></span> <span class='ocrx_word' id='word_1_244' title='bbox 1419 3785 1490 3838; x_wconf 82' lang='lat' dir='ltr'><strong>ques</strong></span> <span class='ocrx_word' id='word_1_245' title='bbox 1508 3769 1625 3838; x_wconf 86' lang='lat' dir='ltr'><strong>praebet</strong></span> <span class='ocrx_word' id='word_1_246' title='bbox 1645 3766 1723 3820; x_wconf 89' lang='lat' dir='ltr'><strong>liber.</strong></span> 
     </span>
     <span class='ocr_line' id='line_1_25' title="bbox 704 3857 1921 3950; baseline 0 -18"><span class='ocrx_word' id='word_1_247' title='bbox 704 3879 744 3950; x_wconf 67' lang='lat'><strong>¹⁹)</strong></span> <span class='ocrx_word' id='word_1_248' title='bbox 768 3877 868 3932; x_wconf 79' lang='lat' dir='ltr'><strong>Galen.</strong></span> <span class='ocrx_word' id='word_1_249' title='bbox 888 3877 966 3934; x_wconf 86' lang='lat' dir='ltr'><strong>Com.</strong></span> <span class='ocrx_word' id='word_1_250' title='bbox 987 3879 1010 3932; x_wconf 89' lang='lat'><strong>1.</strong></span> <span class='ocrx_word' id='word_1_251' title='bbox 1029 3879 1064 3932; x_wconf 87' lang='lat' dir='ltr'><strong>(le</strong></span> <span class='ocrx_word' id='word_1_252' title='bbox 1083 3877 1168 3932; x_wconf 82' lang='lat' dir='ltr'><strong>Victu</strong></span> <span class='ocrx_word' id='word_1_253' title='bbox 1187 3879 1269 3932; x_wconf 80' lang='lat' dir='ltr'><strong>Acut.</strong></span> <span class='ocrx_word' id='word_1_254' title='bbox 1289 3895 1311 3936; x_wconf 89' lang='lat' dir='ltr'><strong>s.</strong></span> <span class='ocrx_word' id='word_1_255' title='bbox 1334 3878 1694 3948; x_wconf 60' lang='lat' dir='ltr'><strong>repentinorum.</strong></span> <span class='ocrx_word' id='word_1_256' title='bbox 1787 3892 1798 3913; x_wconf 70' lang='lat'><em>⁶</em></span> <span class='ocrx_word' id='word_1_257' title='bbox 1912 3857 1921 3876; x_wconf 68' lang='lat'><em>⁰</em></span> 
     </span>
     <span class='ocr_line' id='line_1_26' title="bbox 687 3989 1266 4062; baseline 0.003 -18"><span class='ocrx_word' id='word_1_258' title='bbox 687 3993 743 4062; x_wconf 60' lang='lat' dir='ltr'><strong>aas)</strong></span> <span class='ocrx_word' id='word_1_259' title='bbox 768 3989 801 4044; x_wconf 89' lang='lat' dir='ltr'><strong>ln</strong></span> <span class='ocrx_word' id='word_1_260' title='bbox 821 3989 950 4044; x_wconf 84' lang='lat' dir='ltr'><strong>censura</strong></span> <span class='ocrx_word' id='word_1_261' title='bbox 969 3989 1031 4042; x_wconf 89' lang='lat' dir='ltr'><strong>libr.</strong></span> <span class='ocrx_word' id='word_1_262' title='bbox 1050 3989 1138 4062; x_wconf 65' lang='lat' dir='ltr'><strong>H&#39;0p.</strong></span> <span class='ocrx_word' id='word_1_263' title='bbox 1157 4007 1185 4060; x_wconf 89' lang='lat' dir='ltr'><strong>p.</strong></span> <span class='ocrx_word' id='word_1_264' title='bbox 1208 3995 1266 4046; x_wconf 87' lang='grc'><strong>179.</strong></span> 
     </span>
     <span class='ocr_line' id='line_1_27' title="bbox 672 4100 1369 4172; baseline 0.004 -16"><span class='ocrx_word' id='word_1_265' title='bbox 672 4101 740 4170; x_wconf 63' lang='lat' dir='ltr'><strong>sess)</strong></span> <span class='ocrx_word' id='word_1_266' title='bbox 767 4100 955 4171; x_wconf 77' lang='lat' dir='ltr'><strong>Hippocrates</strong></span> <span class='ocrx_word' id='word_1_267' title='bbox 974 4101 1080 4156; x_wconf 80' lang='lat' dir='ltr'><strong>Werlte</strong></span> <span class='ocrx_word' id='word_1_268' title='bbox 1099 4100 1164 4157; x_wconf 87' lang='lat' dir='ltr'><strong>vot.</strong></span> <span class='ocrx_word' id='word_1_269' title='bbox 1186 4103 1241 4157; x_wconf 94' lang='lat' dir='ltr'><strong>lll.</strong></span> <span class='ocrx_word' id='word_1_270' title='bbox 1260 4119 1288 4172; x_wconf 88' lang='lat' dir='ltr'><strong>p.</strong></span> <span class='ocrx_word' id='word_1_271' title='bbox 1306 4109 1369 4159; x_wconf 77' lang='lat' dir='ltr'><strong>bos.</strong></span> 
     </span>
     <span class='ocr_line' id='line_1_28' title="bbox 659 4209 2175 4296; baseline -0.002 -29"><span class='ocrx_word' id='word_1_272' title='bbox 659 4217 746 4286; x_wconf 62' lang='lat' dir='ltr'><strong>W)</strong></span> <span class='ocrx_word' id='word_1_273' title='bbox 767 4213 823 4296; x_wconf 57' lang='lat' dir='ltr'><strong>pti.</strong></span> <span class='ocrx_word' id='word_1_274' title='bbox 849 4212 930 4269; x_wconf 84' lang='lat' dir='ltr'><strong>Foes.</strong></span> <span class='ocrx_word' id='word_1_275' title='bbox 956 4229 984 4284; x_wconf 90' lang='lat' dir='ltr'><strong>p.</strong></span> <span class='ocrx_word' id='word_1_276' title='bbox 1010 4219 1072 4270; x_wconf 89' lang='grc'><strong>797.</strong></span> <span class='ocrx_word' id='word_1_277' title='bbox 1101 4213 1185 4268; x_wconf 86' lang='lat' dir='ltr'><strong>lliihu</strong></span> <span class='ocrx_word' id='word_1_278' title='bbox 1210 4215 1266 4272; x_wconf 88' lang='lat'><strong>111.</strong></span> <span class='ocrx_word' id='word_1_279' title='bbox 1289 4233 1317 4286; x_wconf 93' lang='lat' dir='ltr'><strong>p.</strong></span> <span class='ocrx_word' id='word_1_280' title='bbox 1343 4222 1401 4271; x_wconf 86' lang='grc'><strong>171.</strong></span> <span class='ocrx_word' id='word_1_281' title='bbox 1426 4214 1508 4270; x_wconf 67' lang='lat' dir='ltr'><strong>noes.</strong></span> <span class='ocrx_word' id='word_1_282' title='bbox 1526 4217 1588 4267; x_wconf 86' lang='grc'><strong>799.</strong></span> <span class='ocrx_word' id='word_1_283' title='bbox 1615 4211 1700 4265; x_wconf 85' lang='lat' dir='ltr'><strong>Kiibn</strong></span> <span class='ocrx_word' id='word_1_284' title='bbox 1719 4227 1747 4280; x_wconf 93' lang='lat' dir='ltr'><strong>p.</strong></span> <span class='ocrx_word' id='word_1_285' title='bbox 1769 4214 1828 4266; x_wconf 79' lang='lat'><strong>1⁷³.</strong></span> <span class='ocrx_word' id='word_1_286' title='bbox 1850 4211 1931 4264; x_wconf 75' lang='lat' dir='ltr'><strong>Foco.</strong></span> <span class='ocrx_word' id='word_1_287' title='bbox 1951 4226 1978 4279; x_wconf 92' lang='lat' dir='ltr'><strong>p.</strong></span> <span class='ocrx_word' id='word_1_288' title='bbox 1998 4215 2059 4263; x_wconf 77' lang='lat'><strong>7⁸0.</strong></span> <span class='ocrx_word' id='word_1_289' title='bbox 2086 4209 2175 4264; x_wconf 81' lang='lat' dir='ltr'><strong>Kiibn</strong></span> 
     </span>
     <span class='ocr_line' id='line_1_29' title="bbox 745 4327 873 4392; baseline 0.016 -16"><span class='ocrx_word' id='word_1_290' title='bbox 745 4339 792 4392; x_wconf 71' lang='lat' dir='ltr'><strong>op.</strong></span> <span class='ocrx_word' id='word_1_291' title='bbox 814 4327 873 4378; x_wconf 80' lang='lat' dir='ltr'><strong>tae.</strong></span> 
     </span>
     <span class='ocr_line' id='line_1_30' title="bbox 711 4433 1209 4506; baseline 0.004 -18"><span class='ocrx_word' id='word_1_292' title='bbox 711 4435 742 4506; x_wconf 85' lang='lat'><strong>†)</strong></span> <span class='ocrx_word' id='word_1_293' title='bbox 765 4433 847 4489; x_wconf 75' lang='lat' dir='ltr'><strong>Foco.</strong></span> <span class='ocrx_word' id='word_1_294' title='bbox 866 4451 894 4503; x_wconf 94' lang='lat' dir='ltr'><strong>p.</strong></span> <span class='ocrx_word' id='word_1_295' title='bbox 913 4437 975 4489; x_wconf 79' lang='grc'><strong>788.</strong></span> <span class='ocrx_word' id='word_1_296' title='bbox 994 4433 1081 4489; x_wconf 82' lang='lat' dir='ltr'><strong>ltiihn</strong></span> <span class='ocrx_word' id='word_1_297' title='bbox 1100 4453 1129 4504; x_wconf 91' lang='lat' dir='ltr'><strong>p.</strong></span> <span class='ocrx_word' id='word_1_298' title='bbox 1152 4439 1209 4490; x_wconf 77' lang='lat' dir='ltr'><strong>tce.</strong></span> 
     </span>
     <span class='ocr_line' id='line_1_31' title="bbox 693 4541 1161 4618; baseline 0 -18"><span class='ocrx_word' id='word_1_299' title='bbox 693 4547 739 4618; x_wconf 64' lang='grc' dir='ltr'><strong>ᾗ)</strong></span> <span class='ocrx_word' id='word_1_300' title='bbox 763 4541 846 4600; x_wconf 79' lang='lat' dir='ltr'><strong>Fons.</strong></span> <span class='ocrx_word' id='word_1_301' title='bbox 865 4551 928 4602; x_wconf 80' lang='grc'><strong>1109.</strong></span> <span class='ocrx_word' id='word_1_302' title='bbox 947 4545 1033 4601; x_wconf 84' lang='lat' dir='ltr'><strong>Kiihn</strong></span> <span class='ocrx_word' id='word_1_303' title='bbox 1052 4563 1080 4614; x_wconf 94' lang='lat' dir='ltr'><strong>p.</strong></span> <span class='ocrx_word' id='word_1_304' title='bbox 1102 4551 1161 4602; x_wconf 80' lang='lat' dir='ltr'><strong>loe.</strong></span> 
     </span>
     <span class='ocr_line' id='line_1_32' title="bbox 674 4653 2174 4756; baseline -0.003 -43"><span class='ocrx_word' id='word_1_305' title='bbox 674 4659 742 4732; x_wconf 73' lang='lat' dir='ltr'><strong>ffi)</strong></span> <span class='ocrx_word' id='word_1_306' title='bbox 765 4657 829 4713; x_wconf 88' lang='lat' dir='ltr'><strong>Hoc</strong></span> <span class='ocrx_word' id='word_1_307' title='bbox 853 4659 883 4713; x_wconf 91' lang='lat' dir='ltr'><strong>iu</strong></span> <span class='ocrx_word' id='word_1_308' title='bbox 907 4658 977 4714; x_wconf 91' lang='lat' dir='ltr'><strong>libro</strong></span> <span class='ocrx_word' id='word_1_309' title='bbox 999 4659 1129 4723; x_wconf 88' lang='lat' dir='ltr'><strong>docetur,</strong></span> <span class='ocrx_word' id='word_1_310' title='bbox 1156 4663 1251 4756; x_wconf 50' lang='lat' dir='ltr'><strong>potum</strong></span> <span class='ocrx_word' id='word_1_311' title='bbox 1270 4657 1391 4714; x_wconf 83' lang='lat' dir='ltr'><strong>defluere</strong></span> <span class='ocrx_word' id='word_1_312' title='bbox 1409 4658 1438 4712; x_wconf 91' lang='lat' dir='ltr'><strong>iu</strong></span> <span class='ocrx_word' id='word_1_313' title='bbox 1457 4657 1611 4728; x_wconf 82' lang='lat' dir='ltr'><strong>pulmones,</strong></span> <span class='ocrx_word' id='word_1_314' title='bbox 1636 4672 1720 4730; x_wconf 85' lang='lat' dir='ltr'><strong>quam</strong></span> <span class='ocrx_word' id='word_1_315' title='bbox 1738 4655 1893 4712; x_wconf 75' lang='lat' dir='ltr'><strong>doctrinam</strong></span> <span class='ocrx_word' id='word_1_316' title='bbox 1914 4653 1996 4710; x_wconf 82' lang='lat' dir='ltr'><strong>Pluto</strong></span> <span class='ocrx_word' id='word_1_317' title='bbox 2020 4654 2125 4723; x_wconf 86' lang='lat' dir='ltr'><strong>recepit</strong></span> <span class='ocrx_word' id='word_1_318' title='bbox 2143 4655 2174 4708; x_wconf 83' lang='lat' dir='ltr'><strong>in</strong></span> 
     </span>
     <span class='ocr_line' id='line_1_33' title="bbox 761 4761 2174 4838; baseline -0.004 -19"><span class='ocrx_word' id='word_1_319' title='bbox 761 4765 876 4820; x_wconf 76' lang='lat' dir='ltr'><strong>Timaeo</strong></span> <span class='ocrx_word' id='word_1_320' title='bbox 894 4782 922 4835; x_wconf 90' lang='lat' dir='ltr'><strong>p.</strong></span> <span class='ocrx_word' id='word_1_321' title='bbox 941 4771 985 4820; x_wconf 87' lang='grc'><strong>70.</strong></span> <span class='ocrx_word' id='word_1_322' title='bbox 1005 4783 1030 4822; x_wconf 88' lang='lat' dir='ltr'><strong>e.</strong></span> <span class='ocrx_word' id='word_1_323' title='bbox 1049 4766 1134 4821; x_wconf 79' lang='lat' dir='ltr'><strong>eitius</strong></span> <span class='ocrx_word' id='word_1_324' title='bbox 1151 4773 1253 4834; x_wconf 77' lang='lat' dir='ltr'><strong>temen,</strong></span> <span class='ocrx_word' id='word_1_325' title='bbox 1274 4767 1382 4836; x_wconf 87' lang='lat' dir='ltr'><strong>opinor,</strong></span> <span class='ocrx_word' id='word_1_326' title='bbox 1403 4767 1591 4838; x_wconf 84' lang='lat' dir='ltr'><strong>repetendum.</strong></span> <span class='ocrx_word' id='word_1_327' title='bbox 1629 4766 1672 4822; x_wconf 80' lang='lat' dir='ltr'><strong>ci.</strong></span> <span class='ocrx_word' id='word_1_328' title='bbox 1692 4763 1765 4825; x_wconf 79' lang='lat' dir='ltr'><strong>Geli.</strong></span> <span class='ocrx_word' id='word_1_329' title='bbox 1781 4763 1883 4820; x_wconf 87' lang='lat' dir='ltr'><strong>xvtt.</strong></span> <span class='ocrx_word' id='word_1_330' title='bbox 1907 4766 1934 4815; x_wconf 88' lang='lat' dir='ltr'><strong>il</strong></span> <span class='ocrx_word' id='word_1_331' title='bbox 1955 4768 1983 4816; x_wconf 89' lang='lat' dir='ltr'><strong>et</strong></span> <span class='ocrx_word' id='word_1_332' title='bbox 2002 4761 2174 4832; x_wconf 84' lang='lat' dir='ltr'><strong>interpretes</strong></span> 
     </span>
     <span class='ocr_line' id='line_1_34' title="bbox 765 4871 886 4930; baseline 0.017 -2"><span class='ocrx_word' id='word_1_333' title='bbox 765 4871 802 4928; x_wconf 77' lang='lat' dir='ltr'><strong>nd</strong></span> <span class='ocrx_word' id='word_1_334' title='bbox 820 4871 848 4927; x_wconf 88' lang='lat' dir='ltr'><strong>b.</strong></span> <span class='ocrx_word' id='word_1_335' title='bbox 867 4872 886 4930; x_wconf 92' lang='lat' dir='ltr'><strong>l.</strong></span> 
     </span>
    </p>
   </div>
   <div class='ocr_carea' id='block_1_8' title="bbox 578 4979 2154 5070">
    <p class='ocr_par' dir='ltr' id='par_1_8' title="bbox 578 4979 2154 5070">
     <span class='ocr_line' id='line_1_35' title="bbox 578 4979 2154 5070; baseline -0.009 -24"><span class='ocrx_word' id='word_1_336' title='bbox 578 5063 582 5070; x_wconf 86' lang='lat'><strong>.</strong></span> <span class='ocrx_word' id='word_1_337' title='bbox 658 4986 742 5057; x_wconf 68' lang='lat' dir='ltr'><strong>iffi)</strong></span> <span class='ocrx_word' id='word_1_338' title='bbox 765 4988 845 5043; x_wconf 81' lang='lat' dir='ltr'><strong>cam.</strong></span> <span class='ocrx_word' id='word_1_339' title='bbox 865 4985 888 5041; x_wconf 88' lang='lat'><strong>1.</strong></span> <span class='ocrx_word' id='word_1_340' title='bbox 908 4984 937 5040; x_wconf 90' lang='lat' dir='ltr'><strong>in</strong></span> <span class='ocrx_word' id='word_1_341' title='bbox 956 4984 983 5044; x_wconf 93' lang='lat' dir='ltr'><strong>b.</strong></span> <span class='ocrx_word' id='word_1_342' title='bbox 1002 4985 1019 5042; x_wconf 90' lang='grc' dir='ltr'><strong>Ι.</strong></span> <span class='ocrx_word' id='word_1_343' title='bbox 1038 5003 1061 5044; x_wconf 84' lang='lat' dir='ltr'><strong>s.</strong></span> <span class='ocrx_word' id='word_1_344' title='bbox 1079 4989 1124 5042; x_wconf 82' lang='grc'><strong>111.</strong></span> <span class='ocrx_word' id='word_1_345' title='bbox 1143 5003 1171 5056; x_wconf 95' lang='lat' dir='ltr'><strong>p.</strong></span> <span class='ocrx_word' id='word_1_346' title='bbox 1190 4987 1252 5043; x_wconf 74' lang='lat'><strong>591.</strong></span> <span class='ocrx_word' id='word_1_347' title='bbox 1273 4987 1341 5044; x_wconf 83' lang='lat' dir='ltr'><strong>Bas.</strong></span> <span class='ocrx_word' id='word_1_348' title='bbox 1361 4987 1398 5042; x_wconf 83' lang='lat' dir='ltr'><strong>V.</strong></span> <span class='ocrx_word' id='word_1_349' title='bbox 1418 5005 1446 5056; x_wconf 89' lang='lat' dir='ltr'><strong>p.</strong></span> <span class='ocrx_word' id='word_1_350' title='bbox 1464 4992 1527 5044; x_wconf 76' lang='grc'><strong>314.</strong></span> <span class='ocrx_word' id='word_1_351' title='bbox 1547 4987 1642 5044; x_wconf 81' lang='lat' dir='ltr'><strong>cbnrt.</strong></span> <span class='ocrx_word' id='word_1_352' title='bbox 1662 4983 1736 5041; x_wconf 86' lang='lat' dir='ltr'><strong>xtt.</strong></span> <span class='ocrx_word' id='word_1_353' title='bbox 1755 5002 1783 5055; x_wconf 90' lang='lat' dir='ltr'><strong>p.</strong></span> <span class='ocrx_word' id='word_1_354' title='bbox 1802 4987 1864 5040; x_wconf 77' lang='lat'><strong>8⁷9.</strong></span> <span class='ocrx_word' id='word_1_355' title='bbox 1883 4979 1971 5037; x_wconf 81' lang='lat' dir='ltr'><strong>tttttn</strong></span> <span class='ocrx_word' id='word_1_356' title='bbox 1990 4979 2108 5036; x_wconf 86' lang='lat' dir='ltr'><strong>xvnt.</strong></span> <span class='ocrx_word' id='word_1_357' title='bbox 2132 4986 2154 5033; x_wconf 94' lang='grc'><strong>1.</strong></span> 
     </span>
    </p>
   </div>
   <div class='ocr_carea' id='block_1_9' title="bbox 0 0 2413 6090">
    <p class='ocr_par' dir='ltr' id='par_1_9' title="bbox 0 0 2413 6090">
     <span class='ocr_line' id='line_1_36' title="bbox 0 0 2413 6090; baseline 0 0"><span class='ocrx_word' id='word_1_358' title='bbox 0 0 2413 6090; x_wconf 95' lang='lat' dir='ltr'><strong> </strong></span> 
     </span>
    </p>
   </div>
  </div>
 </body>
</html>
