4812 6092
1216 679 1273 696 -·
1330 657 1420 719 vm
1477 681 1534 696 ···

600 841 645 925 J.
683 838 743 924 H.
779 837 869 920 Tu.
909 831 1089 918 thcn
1131 834 1188 937 Q.
1219 833 1394 918 Antistii
1428 833 1644 920 Labeonis
1675 834 1757 920 lcti
1791 836 1848 920 de
1879 836 1982 923 Vita
2011 853 2055 924 et
2085 839 2157 926 ln-

765 999 896 1116 genio
927 998 1141 1112 exposuit,
1173 997 1443 1111 Scriptorum
1474 997 1736 1115 Fragmenta
1764 1001 1955 1118 collegit.

712 1198 832 1284 luter
873 1197 968 1281 illos
1008 1224 1205 1310 quoque,
1244 1196 1317 1308 qui
1359 1194 1503 1280 studia
1531 1223 1610 1282 sua
1637 1198 1837 1311 proximo
1866 1211 2063 1312 tempore
2112 1206 2156 1288 in

603 1363 844 1478 Gymnasio
875 1375 1021 1446 nostro
1050 1376 1378 1474 persequentur,
1408 1375 1523 1462 sunt,
1552 1361 1626 1475 qui
1658 1361 1927 1479 diligentiam
1957 1391 2076 1450 suam
2113 1384 2160 1454 et

602 1533 648 1615 in
679 1529 832 1613 litteris
872 1526 1112 1638 proiectum
1143 1525 1361 1612 testificati
1403 1541 1503 1612 suut
1531 1527 1836 1640 scriptionibus
1866 1543 1911 1612 et
1939 1530 2044 1641 ipsis
2075 1531 2157 1618 hoc

601 1698 698 1780 loco
729 1692 1044 1806 praedicandis.

601 1892 659 1976 G.
680 1874 851 1975 Consu
884 1888 952 1972 De
975 1886 1106 2002 Angli
1135 1887 1358 1972 clarissimi
1389 1902 1435 1972 et
1463 1887 1717 1974 nobilissimi
1739 1887 2154 2002 GuilelmiTemple,

770 2053 956 2166 Equitis,
990 2053 1142 2137 Rebus
1172 2067 1217 2136 et
1244 2052 1462 2165 Tempore
1492 2055 1708 2167 exposuit.

603 2229 650 2312 J.
684 2223 856 2312 Cannu
888 2225 1042 2310 Persei
1061 2225 1354 2311 Macedonum
1382 2229 1498 2342 regis
1528 2227 1666 2312 ultimi
1680 2225 1773 2311 Res
1792 2242 1939 2340 gestas
1961 2229 2159 2329 narravit,

769 2395 910 2505 ipsum
931 2392 1279 2477 contra-crimina
1294 2391 1401 2477 falso
1422 2395 1595 2478 obieeta
1614 2391 1853 2479 defendere
1874 2409 1943 2477 est
1963 2412 2156 2480 conatus.

716 2587 1038 2700 Reputantibus
1078 2588 1204 2673 nobis
1248 2617 1347 2672 cum
1384 2587 1558 2688 animis,
1608 2587 1805 2672 ultimum
1849 2619 1946 2675 esse
1984 2620 2159 2691 annum,

603 2787 749 2872 quem,
771 2755 807 2838 si
829 2753 988 2838 Divina
1007 2753 1278 2866 providentia
1297 2753 1413 2837 lavet
1431 2753 1755 2870 magistratuum
1775 2756 1983 2856 consiliis,
2015 2773 2158 2840 vetere

606 2921 809 3010 aedificio
838 2923 1050 3040 degamus
1079 2921 1123 3003 in
1154 2919 1319 3003 ruinam
1351 2947 1504 3032 prono,
1532 2948 1619 3002 non
1650 2948 1877 3031 possumus
1899 2949 1985 3003 non
2007 2951 2160 3033 preces

603 3092 804 3188 sundere,
851 3102 898 3172 ut
927 3085 1210 3200 Gymnasium
1242 3086 1376 3169 modo
1406 3083 1685 3169 instauratum
1715 3086 1890 3171 iuvenili
1919 3087 2067 3204 vigore
2096 3115 2162 3171 re·

605 3272 735 3370 cepto
778 3255 990 3367 relinquat
1025 3254 1209 3364 priscam
1244 3253 1420 3336 domum
1463 3268 1508 3336 et
1543 3252 1701 3336 florens
1731 3251 1980 3364 auspicetur
2010 3254 2160 3336 sedem

605 3453 756 3508 novam
788 3450 920 3533 super
948 3419 1083 3504 firmis
1110 3415 1402 3502 fundamentis
1433 3432 1637 3519 erectam,
1673 3447 1781 3530 quo,
1821 3419 1947 3503 sicuti
1977 3423 2159 3504 duarum

604 3589 871 3673 mansionum
901 3597 1065 3670 aetates
1093 3587 1329 3696 superavit,
1364 3613 1507 3696 neque
1536 3611 1634 3666 cum
1666 3582 1750 3668 hoc
1781 3585 2024 3670 habitaculo
2055 3616 2160 3670 con-

605 3767 817 3840 senescat.
878 3748 991 3833 Cum
1021 3749 1196 3861 quaevis
1225 3749 1397 3865 gravior
1426 3777 1570 3834 rerum
1599 3750 1779 3834 mutatio
1809 3750 1997 3834 animum
2026 3751 2162 3839 soleat

607 3914 903 4003 vehementius
944 3940 1232 4014 commovere,
1280 3931 1424 4026 atque,
1458 3913 1712 4025 praesertim
1753 3914 1788 3996 si
1819 3913 1932 3998 laeta
1960 3932 2052 4017 est,
2102 3920 2157 4004 ad

607 4080 785 4168 consilia
813 4079 1004 4166 excitare
1042 4081 1204 4192 optima
1244 4093 1317 4162 aut
1352 4079 1567 4190 capienda
1605 4094 1679 4164 aut
1722 4084 2040 4192 persequenda,
2088 4109 2162 4164 vos

606 4274 798 4360 quoque,
847 4244 1162 4330 commilitones
1197 4246 1477 4346 ornatissimi,
1511 4244 1732 4332 adhortari
1768 4245 1823 4328 ab
1854 4245 1935 4331 hoc
1965 4262 2162 4358 tempore

607 4412 781 4497 minime
812 4408 998 4493 alienum
1029 4409 1214 4509 credidi,
1248 4425 1292 4492 ut
1320 4409 1364 4494 in
1394 4410 1592 4496 discendi
1622 4407 1764 4492 officio
1785 4406 1987 4522 religiose
2018 4438 2162 4520 perse·

609 4575 791 4673 veretis,
840 4591 887 4657 ut
927 4573 1123 4690 flagranti
1165 4605 1311 4660 amore
1341 4575 1504 4661 litteras
1534 4591 1661 4690 atque
1692 4590 1806 4660 artes
1838 4576 2047 4688 ingenuas
2076 4607 2164 4660 am·

609 4740 874 4859 plectemini,
925 4741 1197 4857 negotiorum
1243 4755 1477 4825 vestrorum
1528 4755 1572 4826 et
1600 4743 1807 4828 suavitate
1850 4740 1964 4851 capti
1995 4757 2039 4825 et
2067 4771 2163 4856 gra·

609 4910 744 4996 vitate
774 4907 961 5022 impulsi.

1200 5031 1571 5084 ”md-''ww-
