4812 6092
1248 671 1285 687 ..
1334 625 1464 699 24'..

578 830 613 887 et
635 815 803 906 Scythiam
831 823 1007 902 provocat,
1039 813 1128 901 quod
1150 834 1217 882 uon
1239 815 1397 897 fecisset,
1426 815 1493 880 nisi
1522 815 1596 902 ipse
1618 815 1653 882 in
1675 809 1728 878 bis
1749 809 1943 899 monibus
1966 809 2136 899 degisset,

577 945 613 1012 id
634 943 723 1032 quod
745 943 855 1024 verba,
880 943 911 1009 si
933 949 1085 1008 accruate
1109 942 1344 1025 exanimantur,
1368 941 1491 1008 diserte
1514 941 1672 1026 produnt:
1700 931 1863 1026 χρὴ-καὶ
1881 931 1923 1024 μὴ
1950 935 2140 1022 λανθάνειν,

578 1062 628 1136 ‘o'rs
656 1074 689 1134 iv
716 1068 812 1134 nant
840 1069 902 1132 ἔτει
931 1068 984 1132 soi
1009 1059 1094 1160 πάσῃ
1122 1057 1186 1160 iipp
1214 1060 1253 1132 τά
1282 1093 1317 1131 τε
1342 1060 1424 1133 erosit
1448 1058 1545 1132 susis
1573 1069 1785 1153 σημαίνεικαὶ
1804 1062 1844 1133 rit
1864 1091 1977 1156 moso
2000 1061 2139 1152 ἀγαθόν,

577 1191 643 1257 ἐπεὶ
659 1190 713 1255 καὶ
733 1181 884 1280 ἒτΛιβῦῃ
904 1187 958 1252 stoi
980 1191 1013 1252 lv
1027 1183 1119 1272 Δήλῳ
1139 1188 1193 1252 καὶ
1213 1189 1386 1282 ἐνΣκυθίῃ
1408 1189 1594 1268 φαίνεται
1614 1179 1654 1251 sit
1673 1189 1922 1274 προγεγραμμὲτα
1938 1181 2138 1272 immone

576 1321 697 1395 appete.
749 1307 843 1374 Haec
872 1327 946 1373 cam
974 1327 1041 1372 non
1069 1308 1240 1391 interris,
1271 1329 1354 1394 quas
1377 1308 1540 1390 nominat,
1571 1308 1694 1395 scripta
1716 1310 1904 1393 videantur,
1928 1309 2003 1374 elus
2028 1319 2137 1376 autem

576 1435 738 1522 regionis,
776 1433 832 1502 nbi
863 1435 970 1519 degit,
994 1435 1192 1500 mentionem
1214 1455 1281 1500 non
1306 1433 1425 1515 iaciat,
1449 1453 1516 1498 nou
1539 1433 1605 1500 iarn
1635 1434 1692 1500 diu
1721 1433 1766 1499 ibi
1794 1445 2029 1504 commoratum
2058 1455 2136 1502 esse

576 1560 812 1646 suspiciamus.
860 1555 912 1624 De
936 1557 1000 1624 alia
1023 1570 1132 1626 autem
1154 1572 1238 1626 terra
1259 1559 1317 1624 vix
1340 1557 1460 1643 aliquis
1485 1559 1619 1644 cogitet,
1644 1569 1741 1646 atque
1762 1561 1805 1626 de
1827 1557 2136 1627 insula'l'baso-rel

576 1683 737 1754 Thraciae
767 1683 897 1766 littore,
925 1684 982 1750 ubi
1011 1685 1133 1750 variam
1163 1685 1249 1750 atris
1279 1683 1470 1770 temperiem
1498 1696 1532 1749 et
1561 1693 1716 1750 terrarum
1738 1685 1838 1751 situm
1867 1696 1967 1773 atque
1989 1696 2137 1752 namram

574 1820 696 1897 postea
719 1809 899 1894 indagavit,
924 1810 1019 1875 cuius
1042 1810 1090 1874 rei
1113 1811 1328 1897 inquirendae
1351 1809 1529 1878 consilium
1550 1809 1615 1876 hoc
1638 1810 1713 1895 ipso
1737 1807 1822 1875 libro
1846 1811 1942 1895 quasi
1958 1812 2134 1896 promittit:

573 1927 625 2020 χοὶ
651 1931 685 1998 δὲ
704 1935 758 1999 sal
776 1931 833 2010 τὰς
855 1926 952 2018 φορὰς
972 1941 1033 1997 τῶν
1053 1929 1253 2020 eucarpium
1273 1933 1322 1999 ἀεὶ
1343 1929 1569 2019 ἐπιδημούντων
1589 1936 1701 2019 ταχέως
1721 1937 1933 2018 ἐνθνμσῖσθαι
1952 1929 2008 2020 τήν
2028 1961 2062 2000 τε
2081 1938 2136 2022 τῆς

575 2045 656 2140 ὥρης
675 2048 874 2122 κατάποσιν.
920 2052 957 2118 Si
982 2053 1190 2139 conjecturae
1212 2053 1308 2120 loeus
1333 2057 1444 2136 datur,
1467 2055 1537 2120 veri
1560 2075 1627 2122 non
1651 2054 1814 2121 dissimile
1836 2055 1983 2139 videtin,
2007 2057 2134 2144 Hippo·

575 2184 695 2240 cratem
731 2177 836 2260 patria
864 2177 980 2244 relicta
1008 2179 1145 2264 primaun
1169 2178 1341 2268 Scythiam
1363 2181 1522 2266 petiisse,
1551 2180 1594 2244 ibi
1626 2180 1739 2272 plures
1771 2179 1876 2249 annos
1900 2194 2133 2250 commoramini

573 2293 694 2362 Delum
718 2300 914 2384 devertisse,
938 2314 1056 2388 postea
1080 2304 1113 2368 in
1136 2304 1325 2392 Aegyptum
1349 2317 1383 2370 et
1404 2303 1543 2393 Libyam
1565 2309 1789 2390 contendisse,
1812 2319 1880 2374 tum
1903 2307 2005 2374 Thasi
2029 2311 2131 2375 domi-

575 2422 685 2490 cilium
707 2424 878 2509 babuisse,
904 2429 980 2493 inde
1003 2429 1037 2492 in
1059 2427 1168 2495 littora
1192 2429 1363 2512 Thraciae,
1387 2429 1607 2515 Hellesponti,
1632 2431 1845 2522 Propontidis
1869 2433 2013 2522 atquein
2026 2432 2131 2500 'l'hes-

574 2549 692 2614 saliam
715 2551 911 2618 excurrisse.
957 2553 1010 2620 Ab
1034 2574 1120 2618 anno
1145 2557 1207 2620 tit
1234 2558 1309 2622 inde
1332 2577 1439 2642 usque
1462 2557 1504 2622 ad
1527 2578 1647 2622 annum
1669 2555 1817 2622 lerellti
1839 2557 1894 2624 vel
1914 2560 1979 2621 408
1990 2559 2131 2626 Athenis

534 2691 537 2702 ·
574 2673 745 2756 habitavit,
754 2675 787 2759 ⁷²)
817 2676 863 2740 ibi
892 2699 966 2743 curu
995 2678 1205 2766 philosophis
1230 2671 1469 2748 consuetidine
1492 2682 1620 2764 iuncta,
1650 2703 1762 2748 eorum
1793 2705 1878 2772 quae
1902 2682 2131 2753 observaverat

575 2811 673 2887 atque
696 2813 852 2886 eapertrrs
876 2817 956 2886 erat,
980 2806 1099 2871 iustanr
1121 2807 1279 2872 rationem
1302 2817 1335 2871 ct
1358 2809 1446 2872 viam
1469 2807 1616 2870 invenire
1640 2807 1775 2872 studuit.
1821 2807 1950 2872 Etenim
1975 2829 2039 2894 quo
2063 2829 2130 2874 ma·

574 2925 678 2991 turlus
701 2927 845 3013 scriptus
869 2941 922 2994 est
945 2929 1039 3012 liber,
1064 2951 1104 2995 eo
1128 2933 1237 2998 minus
1261 2933 1441 2998 rationibus
1467 2930 1623 3014 indulget.

663 3069 737 3135 Hoc
759 3072 899 3138 raraxime
922 3073 1099 3140 allinnatur
1121 3073 1204 3140 libro
1229 3077 1269 3138 de
1287 3075 1375 3138 Victa
1387 3076 1569 3152 Aetnaeum,
1594 3097 1691 3165 quem
1709 3081 1816 3146 serius
1840 3081 1996 3166 seriptum
2021 3093 2132 3146 osten·

574 3193 654 3258 dunt
676 3205 711 3260 et
732 3195 905 3262 multorum
929 3199 1065 3264 aliorum
1088 3212 1122 3265 et
1143 3201 1251 3286 ipsius
1275 3201 1419 3268 auctoris
1443 3203 1626 3268 sententiae
1646 3216 1678 3269 et
1696 3203 1770 3272 libri
1793 3207 1931 3292 priores,
1955 3209 2010 3294 qui
2033 3209 2069 3273 in
2090 3228 2131 3272 eo

573 3328 772 3410 spectantur.
819 3321 856 3386 ln
886 3322 1002 3388 eodem
1032 3327 1129 3392 etiarn
1158 3325 1241 3392 libro
1270 3326 1376 3408 magis
1401 3346 1498 3413 quam
1527 3328 1561 3392 in
1590 3330 1752 3414 prioribus
1780 3333 1926 3398 internae
1948 3331 2131 3398 morborum

573 3463 695 3509 causae
719 3447 989 3532 exponuntrnii)
1037 3449 1223 3516 Geuuitatis'
1249 3453 1345 3517 testis
1368 3451 1520 3538 locuples
1544 3467 1596 3521 est
1606 3457 1836 3539 Erasistratus,
1861 3458 1917 3545 qui
1941 3458 2132 3544 ceteroquin

573 3567 770 3654 Hippocrati
792 3591 859 3636 nou
878 3573 1053 3638 admodum
1076 3575 1202 3640 amicus
1221 3573 1308 3642 bunc
1331 3575 1447 3642 librum
1466 3579 1675 3664 potissimum
1699 3593 1751 3646 est
1774 3593 1909 3646 secutus
1933 3583 1966 3646 in
1990 3583 2070 3645 libro
2091 3584 2132 3642 dr·

572 3691 725 3755 Febribas
748 3705 883 3760 auctore
908 3696 1070 3763 Galeno
1061 3685 1287 3766 uiComnrent.
1311 3702 1336 3766 l.
1360 3702 1448 3768 inb.
1472 3703 1494 3767 l.
1525 3727 1556 3786 p.
1582 3705 1634 3770 tt.
1658 3705 1791 3772 Bas.V.
1837 3729 1870 3792 p.
1886 3707 1916 3770 8.
1941 3705 2049 3772 Cbart.
2073 3707 2130 3771 xt.

571 3839 603 3902 p.
628 3817 692 3882 435
716 3817 815 3884 Krihn
838 3819 927 3902 XV,
950 3822 1005 3887 ubi
1030 3821 1183 3908 leguntur
1205 3826 1305 3892 haec:
1329 3827 1411 3892 τοῦτ’
1439 3815 1494 3892 οὖν
1522 3831 1606 3893 ἐστὶν
1636 3825 1711 3895 αὐτὸ
1737 3825 1769 3894 τὸ
1791 3825 2083 3917 προβαλλὸμοοον
2069 3830 2129 3899 υπὸ

567 3937 856 4028 ἱπποκράτους-
878 3947 996 4032 εἴρηται
1017 3945 1050 4012 δὲ
1072 3951 1124 4013 καὶ
1150 3943 1212 4016 ὑπὸ
1238 3939 1476 4036 Ἐρασιστράτου
1497 3939 1575 4010 κατὰ
1597 3943 1632 4014 τὸ
1661 3973 1780 4036 πρωτοτ
1800 3950 1921 4038 βιβλίον
1947 3959 2017 4036 napi
2037 3981 2131 4040 πορε-

570 4059 693 4124 τῶο-
713 4060 1051 4146 ἀκολουθήσαντος
1009 4093 1051 4151 τῳ
1068 4063 1266 4154 Ιπποκράτει
1287 4061 1398 4159 πάντῃ
1371 4063 1471 4142 mm)

574 4238 732 4250 -—-—-—

641 4343 675 4413 ³)
712 4347 755 4403 Gi.
775 4364 848 4419 quae
866 4367 952 4420 supra
970 4352 1175 4422 disputavimus
1193 4369 1221 4424 p.
1243 4359 1285 4414 17.

602 4459 671 4526 .”)
711 4461 779 4516 Erat
796 4465 891 4530 etiam,
910 4465 960 4518 ubi
978 4465 1165 4522 Erasistratus
1183 4465 1543 4524 dissentiret.Vid.Comm.
1555 4471 1611 4526 lli.
1632 4469 1659 4525 lu
1679 4473 1706 4526 h.
1724 4473 1741 4527 l.
1780 4490 1807 4543 p.
1828 4479 1861 4528 83
1878 4475 1945 4528 Bas.
1954 4473 1990 4528 V.
2027 4492 2055 4543 p.
2070 4479 2130 4530 loo.

711 4567 807 4622 Chart-
825 4569 882 4626 x1.
902 4588 930 4641 p.
949 4575 1003 4626 toti
1022 4571 1109 4628 Kiilm
1129 4573 1198 4628 XV.

600 4698 672 4768 Μ)
693 4694 786 4750 ΙΗοίο
810 4697 882 4752 libro
906 4699 999 4754 alienu
1026 4702 1123 4759 addite
1147 4719 1226 4770 csso,
1249 4711 1277 4758 ot
1301 4703 1407 4759 codicis
1428 4709 1608 4780 manuscripti
1634 4712 1762 4768 indicant
1788 4720 1816 4767 et
1835 4714 1961 4768 Galenus
1985 4710 2131 4767 annotavit

710 4805 818 4861 comm.
838 4805 892 4862 tv.
910 4822 1034 4876 prooem.
1052 4827 1082 4880 p.
1101 4815 1135 4865 87
1156 4812 1222 4866 Bes.
1241 4811 1279 4865 V.
1319 4827 1347 4882 p.
1369 4817 1421 4868 tro
1440 4814 1537 4870 Chart.
1556 4815 1612 4870 xi.
1648 4833 1676 4886 p.
1705 4825 1759 4876 737
1777 4820 1864 4875 liiibn
1883 4819 1953 4875 XV.
1992 4819 2054 4876 lieo
2073 4837 2129 4874 non

710 4913 780 4969 satis
798 4914 994 4973 animadvertit
1014 4919 1136 4984 Becker,
1153 4919 1255 4974 ormi.
1276 4920 1304 4976 d.
1325 4921 1422 4978 lleilk.
1440 4923 1464 4979 1.
1485 4941 1513 4993 p.
1535 4927 1595 4978 137.
1979 4936 1982 4949 ’
