4812 6092
1250 607 1475 670 ...rs-

592 789 638 872 ip'
663 780 699 858 od
726 793 757 854 ot
786 779 974 870 responsioni
1002 782 1246 874 κατελύθησαν.)
1291 783 1388 870 Quae
1415 787 1557 852 rimatio
1586 786 1661 852 sivo
1686 782 1730 854 ad
1757 779 1991 880 ¹Antiphontem
2018 779 2147 867 Sopbili

592 911 695 976 fllium
716 906 867 993 pertinet,
891 906 1072 993 qnia-411
1099 909 1264 996 supplicio
1288 911 1427 978 affectm
1450 922 1513 992 est,
1535 909 1610 978 sive
1632 907 1890 995 edhysionidae
1906 905 2026 989 filium,
2051 927 2147 994 quun

593 1036 780 1121 sophistam
807 1043 1009 1118 mmcnpant,
1040 1035 1097 1120 qui
1122 1056 1143 1100 a
1171 1036 1303 1120 triginta
1331 1036 1478 1122 tyrannis
1500 1045 1638 1102 necatus
1662 1045 1725 1116 est,
1759 1033 1790 1100 si
1813 1053 1888 1098 cnm
1909 1030 2048 1105 historia
2069 1031 2149 1100 belli

593 1158 872 1245 Peloponnesiaci
901 1159 1123 1244 componitur,
1152 1160 1388 1246 Hippocratem
1413 1160 1556 1228 nuens
1586 1160 1719 1228 civitate
1743 1159 1959 1242 donatum‚*)
1988 1179 2064 1224 oum
2091 1179 2149 1244 pa·

592 1286 673 1351 triae
703 1283 847 1352 deiectio
877 1284 1074 1366 immineret,
1103 1285 1245 1354 Athenis
1274 1287 1416 1370 relictis,
1447 1285 1656 1354 Thessaliam
1684 1283 1901 1370 petivissem)
1931 1282 1984 1348 rel
2013 1283 2067 1352 sui
2096 1283 2150 1354 vel

590 1409 719 1494 patriae
747 1408 990 1491 consulturum,
1020 1429 1094 1476 cum
1122 1433 1199 1478 vere
1230 1411 1427 1494 deiecisset,
1456 1411 1625 1478 absentem
1654 1419 1845 1478 accusatum
1875 1420 1909 1477 et
1930 1409 2049 1499 capitis
2073 1430 2151 1476 csse

593 1535 790 1617 damnatum,
814 1536 885 1600 veri
908 1545 962 1600 est
984 1534 1194 1604 simillimum.

682 1704 736 1773 De
766 1706 873 1791 ipsius
902 1706 967 1771 iam
997 1699 1129 1792 scriptis
1160 1721 1271 1775 acturo
1302 1708 1380 1774 mihi
1404 1731 1443 1776 se
1465 1707 1603 1775 offemnt
1632 1731 1673 1775 ex
1697 1709 1838 1776 omnium
1862 1708 2045 1774 criticorum
2069 1729 2143 1774 con·

596 1852 697 1897 sensu
718 1841 756 1897 ut
777 1833 917 1897 maxime
945 1833 1078 1916 genuini
1112 1831 1294 1898 Morborum
1317 1837 1516 1919 popularium
1546 1835 1625 1898 liber
1649 1838 1771 1920 privum
1794 1847 1826 1896 e!
1850 1837 1973 1909 tertias,
2001 1833 2142 1916 Apioni-

595 1978 711 2019 mornm
729 1957 804 2018 utri
818 1960 1021 2039 comptiores,
1044 1958 1085 2018 de
1101 1957 1198 2034 Aere,
1220 1959 1318 2022 Locis
1341 1959 1573 2044 milonis)
1596 1963 1638 2022 de
1656 1961 1747 2024 Victa
1769 1933 1800 2022 in
1822 1958 1946 2022 Morbis
1967 1959 2074 2021 Amatis
2096 1969 2146 2024 at·

598 2102 662 2169 que
691 2083 732 2144 de
763 2080 886 2164 Capitis
920 2081 1145 2163 Volnerihmi)
1177 2083 1259 2148 libri.
1313 2083 1506 2150 criticorum
1529 2085 1652 2152 iudicio
1683 2085 1852 2165 classium,
1883 2084 1971 2168 quod
2000 2079 2149 2162 fecimus,

598 2207 773 2274 discrimen
796 2207 1009 2292 suffragatur,
1039 2206 1126 2294 quod
1151 2229 1265 2273 omnes
1288 2209 1337 2274 illi
1359 2209 1432 2276 libri
1462 2211 1496 2276 in
1525 2229 1590 2276 uua
1614 2211 1794 2296 eademque
1817 2209 1927 2276 classe
1950 2207 2153 2293 reperiuntur

595 2343 728 2418 propter
750 2353 950 2398 consensum
979 2332 1013 2396 in
1043 2332 1189 2399 doctrina
1213 2334 1431 2400 observatum.
1476 2335 1672 2424 Aeqnuhum
1700 2335 1894 2420 scriptorum
1923 2329 2035 2398 nullus
2057 2351 2151 2416 prae·

597 2467 646 2522 ter
666 2457 834 2520 Platonem
855 2457 1067 2543 Hippocratis
1089 2480 1208 2525 nomen
1237 2459 1391 2543 exhibet,
1424 2481 1532 2548 neque
1561 2459 1618 2528 ille
1647 2473 1770 2526 certum
1792 2456 1908 2524 libmm
1931 2457 1962 2523 ei
1985 2455 2151 2539 adscribit,

599 2583 671 2664 sed,
696 2583 784 2668 quod
807 2581 874 2648 iere
897 2583 1030 2648 maioris
1053 2594 1106 2648 est
1127 2585 1292 2667 momenti,
1316 2605 1475 2652 summam
1498 2587 1664 2653 doctrinae
1684 2585 1842 2652 rationem
1864 2604 1886 2649 a
1907 2582 2055 2669 plurimis
2079 2581 2151 2648 eins

599 2708 757 2792 temporis
780 2709 970 2774 doctoribus
994 2709 1156 2775 diversam
1177 2707 1301 2792 laudat,
1321 2730 1497 2797 quaecum
1514 2711 1581 2777 illis
1598 2709 1690 2776 libris
1709 2709 1905 2791 conferatur,
1924 2717 2020 2793 atque
2032 2707 2151 2793 quibus

599 2851 640 2897 ex
659 2843 837 2898 ceterorum
854 2831 1008 2899 librorum
1024 2854 1157 2899 numero
1175 2837 1415 2901 accommodari
1431 2838 1552 2922 possit,
1571 2846 1742 2922 quaeratur
1764 2843 1902 2920 oportet.
1936 2832 2053 2899 Exstat
2074 2851 2150 2897 vero

741 3178 770 3233 ld
789 3179 863 3249 qood
882 3179 950 3235 mihi
968 3181 1079 3252 quldem
1098 3179 1277 3246 verisimilius
1295 3145 1414 3250 ridetur,
1432 3191 1516 3255 atque
1534 3185 1703 3255 bysionidse
1720 3185 1793 3239 lilios
1810 3193 1934 3254 tempore
1952 3199 2007 3238 noo
2024 3181 2149 3238 iontem

729 3285 944 3372 ⁴liippoorstem
972 3287 1131 3353 socnmrit,
1154 3305 1238 3359 quem
1258 3288 1344 3345 etiam
1367 3291 1477 3347 Socrati
1494 3291 1637 3346 inimicum
1661 3291 1789 3349 norimus
1812 3297 1884 3346 toste
1901 3289 2050 3346 Aristotele
2073 3289 2149 3360 opud

745 3392 901 3463 Diogenem
920 3395 1063 3450 La'ertium
1082 3395 1123 3451 11.
1142 3399 1188 3452 46.

667 3529 702 3598 s)
737 3525 868 3582 Honores
877 3525 1007 3595 publicos
1015 3527 1133 3584 Athenis
1143 3528 1169 3584 ei
1180 3543 1243 3584 esso
1254 3527 1392 3594 decretos,
1404 3528 1523 3584 orationi
1529 3527 1655 3586 'lbessall
1668 3528 1819 3584 mentitur
1831 3527 1983 3582 Decretum
1994 3527 2151 3582 Athenien-

743 3631 815 3685 sium
835 3631 902 3686 lllud
921 3631 1143 3699 (ictericorum,
1163 3634 1199 3687 de
1217 3634 1352 3689 honorum
1372 3642 1466 3690 sutem
1483 3635 1591 3690 radone
1609 3651 1663 3690 non
1681 3635 1797 3690 omniuo
1808 3632 1961 3699 consentin
1979 3634 2149 3704 quodnepc-

747 3737 862 3793 nulnum
881 3738 926 3804 rit,
946 3755 983 3793 an
1001 3746 1149 3810 utrumque
1167 3739 1385 3810 supposititium,
1403 3740 1562 3798 discernere
1579 3759 1636 3800 non
1654 3741 1755 3798 audeo.

661 3871 713 3944 ”i
747 3872 874 3937 Constat,
892 3887 926 3926 eo
943 3871 1028 3926 etiam
1047 3871 1181 3943 Gorgiam
1199 3872 1352 3942 sophistem
1371 3888 1433 3928 csse
1451 3873 1615 3943 proiectum.
1645 3874 1728 3928 Plato
1747 3871 1862 3928 ldeoon.
1880 3890 1909 3943 p.
1928 3877 1973 3929 70.
1991 3874 2019 3928 b.
2039 3871 2151 3942 Hippo·

743 3987 849 4036 cratem
875 3980 931 4035 ism
960 3986 1044 4036 antes
1068 3977 1172 4036 ibidem
1198 3995 1260 4036 esse
1285 3987 1495 4046 commoratum,
1520 3979 1683 4036 Morborum
1702 3979 1886 4050 Popularium
1910 3980 1973 4036 libri
1998 3987 2149 4044 testentur,

744 4087 828 4142 etiam
846 4088 995 4156 sepultum,
1014 4087 1122 4144 Sorano
1140 4087 1320 4144 credendum.

646 4221 704 4288 Μ)
742 4219 787 4274 De
810 4219 864 4274 hoc
887 4219 958 4275 libro
982 4235 1037 4274 non
1061 4219 1173 4291 quidem
1198 4220 1259 4290 ipse
1277 4219 1432 4285 dubitarit,
1455 4222 1528 4276 iuter
1553 4216 1691 4286 genuinos
1714 4221 1791 4276 enim
1814 4219 1909 4288 relcrt,
1932 4221 1982 4278 sod
2004 4221 2153 4276 dubitandi

744 4327 854 4398 copiam
872 4327 940 4382 lecit
958 4326 1100 4394 Hallerns,
1121 4341 1237 4382 monens
1256 4327 1292 4381 ab
1310 4327 1459 4396 Europaeo
1476 4327 1610 4396 scriptum
1631 4325 1734 4394 rideri,
1759 4327 1809 4384 sed
1827 4343 1922 4384 secum
1940 4343 1997 4384 non
2013 4325 2155 4396 reputavit

744 4433 896 4490 maximam
914 4431 991 4488 vitre
1008 4439 1117 4503 partem
1136 4433 1337 4506 Hippocratem
1355 4433 1466 4504 degisse
1483 4434 1512 4489 in
1532 4435 1654 4507 Europa.

663 4569 699 4640 †)
734 4567 821 4622 Hono
838 4565 940 4620 librum
957 4565 987 4620 iu
1005 4565 1138 4622 chasiam
1147 4566 1329 4638 dispositione
1347 4566 1384 4622 sd
1402 4567 1573 4638 chirurgicos
1585 4565 1675 4634 retuli,
1693 4567 1799 4640 quippe
1816 4568 1865 4640 qui
1880 4565 2036 4658 doctrinam
2046 4581 2147 4637 quam·

743 4673 810 4728 dam
834 4689 890 4728 non
915 4671 1020 4728 diserte
1046 4673 1181 4743 prodant,
1212 4674 1306 4730 monui
1331 4681 1424 4730 autom
1442 4675 1501 4732 lieri
1517 4676 1653 4748 potuisse,
1677 4683 1709 4731 nt
1727 4676 1768 4730 illi
1786 4671 1934 4741 chirurgici
1954 4685 2017 4726 cnm
2037 4671 2152 4726 aliarum

744 4779 877 4836 maselum
898 4779 978 4836 libris
1001 4781 1039 4836 sb
1065 4779 1164 4842 eodem
1186 4788 1300 4838 auctore
1326 4781 1395 4838 edltl
1413 4788 1522 4850 eaasnt,
1545 4781 1576 4838 id
1601 4783 1675 4853 quod
1700 4781 1822 4839 dictione
1846 4779 1965 4850 ahisque
1982 4777 2153 4846 argumentis

744 4885 931 4957 mgnoscitur,
948 4887 1043 4959 quibis
1059 4886 1175 4944 adducti
1193 4888 1282 4946 cridci
1301 4905 1358 4946 uuo
1375 4905 1423 4946 ore
1440 4907 1540 4946 omnes
1556 4889 1630 4947 hono
1647 4889 1747 4946 librum
1765 4889 1944 4946 crediderunt
1961 4886 2120 4958 genuinum.
