4812 6092
1283 731 1506 794 ..10-

618 918 717 1004 (inter
733 915 798 978 431
815 921 850 978 31
868 909 962 994 438),
986 927 1184 997 quamquam
1205 909 1345 996 priorem
1365 909 1517 976 notitia·
1539 909 1583 974 ad
1603 909 1709 976 nostri
1732 927 1840 992 am,
1863 908 2039 978 Gnosidiei
2060 909 2176 995 etin,

617 1039 785 1118 traxerim,
815 1036 1032 1123 posteriorem
1053 1035 1096 1100 de
1118 1033 1241 1122 Magno
1264 1033 1448 1102 Heraclidis
1470 1033 1540 1102 illio
1563 1033 1794 1121 intellexerim,
1830 1045 1941 1104 tuen
1961 1055 2006 1104 ne
2027 1037 2177 1122 infirmis,

615 1171 760 1253 inquam,
782 1161 948 1230 eiusmodi
959 1159 1209 1228 auetoritatibus
1220 1159 1316 1244 nitar,
1339 1160 1383 1229 ad
1393 1159 1527 1224 14333111
1539 1156 1713 1224 cenem
1722 1181 1882 1246 provoco,
1905 1163 2003 1230 euius
2016 1163 2177 1252 interpre-

615 1290 695 1356 tatio
718 1287 761 1354 ah
783 1287 973 1376 1113333333
994 1287 1085 1354 facta
1106 1285 1318 1372 Hippocratis
1340 1285 1477 1374 gloriam
1506 1286 1550 1354 ad
1573 1285 1779 1374 Olympiadis
1809 1289 2036 1376 octogesimae
2055 1301 2178 1360 sextae

613 1433 736 1482 annum
757 1411 946 1503 primmn,*)
969 1411 1144 1478 Armenion
1164 1431 1244 1478 vero
1268 1412 1312 1478 ad
1333 1412 1463 1479 tertium
1484 1409 1540 1480 vel
1563 1422 1710 1498 33334333
1732 1433 1853 1480 333333
1873 1411 1982 1482 refert.
2017 1415 2177 1486 Sivehoc

613 1549 764 1623 tempore
786 1559 828 1604 ex
850 1559 916 1606 usu
938 1535 1259 1624 chronographorum
1288 1536 1406 1602 aetatis
1428 1533 1543 1602 florem
1571 1535 1613 1602 de
1642 1557 1729 1604 anno
1751 1537 2000 1625 quadragesimo
2023 1561 2103 1608 esse
2125 1543 2174 1610 iu·

612 1659 827 1749 telligcndrun
848 1664 1014 1751 ponimus,
1037 1663 1110 1729 sive
1132 1675 1201 1730 tmn
1223 1661 1356 1747 scriptis
1380 1681 1455 1728 eum
1478 1661 1718 1748 pererebuisse,
1750 1665 1839 1751 quod
1856 1685 1925 1733 non
1941 1663 2045 1732 multo
2056 1667 2171 1734 minori

615 1789 802 1872 contingere
824 1791 944 1877 potnit,
968 1789 1045 1876 quia
1066 1809 1133 1854 non
1155 1786 1221 1853 nisi
1243 1797 1323 1874 post
1345 1787 1496 1853 diuturna
1518 1787 1634 1854 itinera
1656 1797 1690 1856 et
1710 1787 1884 1857 multorum
1901 1809 2060 1858 annornm
2076 1811 2168 1860 usum

615 1925 649 1981 et
671 1915 904 2002 experientiam
933 1915 1076 1982 scrihere
1105 1913 1223 2000 potuit,
1253 1911 1295 1978 33
1324 1932 1411 1979 anno
1434 1913 1499 1978 433
1523 1911 1578 1980 vel
1601 1913 1666 1978 433
1695 1933 1763 1980 333
1784 1916 1893 1984 minue
1916 1936 2015 2006 quem
2038 1918 2163 2006 quadra

613 2043 705 2130 ginta
734 2041 810 2110 anni
839 2041 990 2108 videntur
1017 2039 1225 2122 numerandi,
1260 2049 1299 2106 nt
1331 2049 1445 2106 natum
1480 2060 1559 2107 esse
1588 2039 1821 2127 Hippocratem
1850 2053 1926 2108 ante
1955 2061 2069 2110 annam
2096 2043 2162 2108 4711

612 2187 787 2252 ponamus,
810 2167 845 2232 id
869 2167 958 2255 qnod
981 2165 1113 2230 disertis
1136 2163 1245 2230 verbis
1269 2184 1312 2230 ex
1334 2162 1593 2250 chronographis
1612 2165 1750 2233 Graecis
1774 2165 2014 2255 antiquioribus
2032 2176 2165 2235 testatur

614 2293 654 2356 A.
678 2291 800 2357 Gallim
827 2293 882 2377 (N.
906 2290 947 2358 Α.
971 2289 1077 2356 111111.
1101 2289 1178 2372 ut),
1207 2287 1264 2378 qni
1292 2307 1366 2356 eum
1396 2287 1556 2374 Sophocli
1585 2299 1621 2356 et
1642 2288 1791 2377 Euripidi
1813 2291 1999 2382 aequalem,
2029 2292 2169 2362 Socrate

613 2419 770 2486 maiorem
792 2430 873 2485 natu
895 2415 1056 2508 pouit.**)
1202 2421 1209 2442 ⁸

703 2579 880 2668 Utcunque
909 2599 948 2645 se
970 2599 1023 2644 res
1046 2576 1160 2650 hahet,
1183 2597 1251 2644 non
1272 2575 1371 2644 nimis
1393 2575 1512 2642 Sorani
1534 2578 1652 2644 notitia
1674 2598 1695 2643 a
1718 2589 1899 2646 ceterorum
1921 2598 2091 2648 consensu
2113 2581 2170 2648 eh-

614 2706 733 2776 horret,
764 2723 873 2790 eoque
896 2721 971 2772 otuu
993 2703 1036 2766 iis
1060 2701 1222 2773 convenit,
1245 2699 1479 2788 Hippocratem
1509 2711 1655 2790 tempore
1682 2701 1761 2770 helii
1783 2701 2059 2792 Peloponnesiaci
2082 2703 2169 2774 cele·

613 2830 742 2901 hramm
764 2825 881 2900 faisse,
904 2826 939 2891 id
963 2826 1052 2914 quod
1062 2823 1214 2896 Platonis
1236 2825 1334 2892 etiam
1356 2826 1544 2892 testimonio
1568 2823 1727 2896 affirmare
1749 2826 1836 2902 licet,
1860 2829 1918 2917 qui
1936 2830 2068 2918 quidem
2089 2851 2171 2918 puer

613 2958 680 3023 iata
715 2965 864 3040 tempora
898 2951 1061 3038 attigerat.
1108 2948 1269 3038 Quamvis
1304 2960 1384 3037 post
1411 2949 1617 3019 Athenaeum
1644 2951 1737 3020 multi
1765 2953 1900 3028 inerint.
1936 2957 1994 3046 qui
2021 2958 2168 3023 Plotosr's

614 3078 712 3148 fldem
729 3078 772 3146 de
789 3088 970 3163 temporum
987 3087 1021 3143 et
1035 3095 1248 3162 personarum
1264 3075 1446 3144 rationibus
1463 3076 1698 3161 imminuerent,
1717 3098 1757 3148 ea
1773 3102 1880 3170 nuper
1896 3082 2167 3168 aBoeokhioffi)

613 3203 732 3272 acriter
760 3212 814 3270 est
836 3199 973 3268 defensa
995 3223 1104 3291 neque
1132 3201 1230 3268 nohie
1258 3201 1293 3272 in
1315 3199 1527 3288 Hippocratis
1550 3224 1651 3270 causa
1673 3208 1867 3294 spernenda
1918 3209 1956 3274 13
1977 3210 2172 3298 Persem)

613 3327 768 3394 Socrates
797 3327 960 3398 inducitur
989 3328 1178 3413 disputandi
1207 3328 1365 3400 rationem
1393 3326 1585 3396 collaudans
1615 3327 1842 3420 Hippocratis,
1870 3335 1990 3402 medici
2018 3348 2086 3404 tum
2108 3339 2173 3405 i.

612 3451 787 3526 notissimi·
832 3451 919 3522 Ante
948 3453 1080 3538 triginta
1102 3464 1258 3542 tyrannos
1281 3451 1448 3539 dialogum
1475 3451 1563 3522 hune
1591 3451 1738 3524 habitum
1765 3455 1845 3544 fingi
1868 3457 2171 3546 Stallhaumius††)

613 3577 740 3648 docuit,
777 3596 886 3665 neque
915 3588 991 3648 ente
1019 3599 1138 3644 annum
1167 3578 1228 3643 411
1261 3578 1341 3668 poni
1370 3597 1490 3664 posse,
1520 3576 1643 3668 Lysiae
1672 3601 1725 3648 res
1754 3579 1916 3652 affirmant
1943 3595 2012 3652 trun
2041 3585 2171 3654 Thuriis

683 3886 723 3954 ⁸)
759 3883 927 3942 0334333433
946 3887 1085 3942 Abderites
1101 3897 1127 3940 33
1146 3885 1315 3960 Enpedoclen
1332 3897 1356 3941 34
1376 3886 1552 3960 Hippocrates
1573 3889 1704 3953 33341333,
1728 3887 1842 3957 (impias
1867 3887 2032 3962 Hippissprre
2055 3890 2081 3946 31
2100 3893 2171 3948 Pra-

755 3994 830 4048 eim
847 4001 872 4046 rt
890 3991 965 4048 zeno
982 4005 1008 4050 34
1029 3991 1363 4068 Parmeniderpls'losoplr'
1380 3994 1494 4066 insipere
1511 3993 1648 4058 ludentem.
1686 3995 1821 4058 Some.
1838 3996 1885 4068 qss'
1901 3995 2015 4056 eteius
2031 4017 2170 4072 33333333-

757 4099 804 4164 311,
818 4097 935 4172 piarem
952 4119 1069 4158 33333333
1086 4099 1240 4159 retentor.

639 4227 710 4296 σθ’)
746 4222 842 4280 Verba
868 4224 967 4290 4131111.
992 4235 1143 4298 postquam
1168 4225 1204 4282 de
1236 4225 1301 4286 33111
1321 4224 1554 4296 Peloponnesiaci
1586 4224 1758 4296 temporibus
1783 4227 1894 4283 locutus
1919 4235 1977 4296 est,
2002 4239 2069 4286 sunt
2086 4231 2170 4288 haee:

755 4329 872 4403 „ltaque
888 4332 961 4388 ister
978 4333 1039 4388 3333
1057 4345 1172 4408 tempore
1189 4333 1286 4388 3314133
1303 4333 1461 4406 abireque
1483 4343 1560 4388 333334
1585 4331 1723 4404 4333333133
1740 4351 1771 4388 ec
1787 4335 1880 4390 34333313
1897 4335 2057 4409 3333343433,
2076 4338 2172 4409 trept'ea'

750 4448 856 4514 333433,
880 4449 905 4493 34
924 4441 1098 4514 Hippocrates
1114 4441 1226 4496 33333333
1250 4450 1277 4495 34
1296 4439 1462 4495 Damocritus
1477 4438 1659 4514 pliloroplas,
1675 4439 1768 4512 quihus
1784 4441 1905 4498 83333433
1922 4443 2091 4500 Atheniensis
2106 4455 2172 4502 sam

754 4545 858 4619 33131333
871 4549 1001 4620 posterior
1010 4549 1081 4618 fait,
1098 4549 1145 4604 ssd
1158 4547 1310 4620 3311334333
1327 4547 1483 4620 temper-ilas
1498 4547 1591 4602 11331333
1607 4548 1757 4606 Μ’·

656 4671 720 4740 m)
755 4669 847 4725 lodex
866 4670 1025 4738 1334133343,
1043 4686 1118 4746 quae
1135 4672 1164 4729 in
1183 4673 1305 4730 univers.
1325 4672 1377 4728 litt.
1397 4671 1472 4728 lirid.
1484 4670 1559 4728 11311.
1578 4689 1637 4744 333.
1655 4689 1723 4731 tem.
1743 4673 1800 4730 313.
1819 4690 1838 4730 a
1857 4679 1928 4732 1333
1945 4703 1980 4718 -·
2000 4680 2069 4736 tete
2087 4679 2167 4736 iuti·

757 4781 882 4831 tuentur.
923 4777 1017 4834 Praei.

685 4899 720 4970 †)
759 4899 796 4955 P.
813 4903 878 4956 mu.
897 4917 922 4956 o.

661 5007 716 5076 fl)
752 5007 786 5061 Ρ.
809 5009 867 5064 134.
887 5007 1020 5067 editionis
1040 5027 1116 5068 auae.
