<?xml version="1.0" encoding="UTF-8"?>
<!DOCTYPE html PUBLIC "-//W3C//DTD XHTML 1.0 Transitional//EN"
    "http://www.w3.org/TR/xhtml1/DTD/xhtml1-transitional.dtd">
<html xmlns="http://www.w3.org/1999/xhtml" xml:lang="en" lang="en">
 <head>
  <title>
</title>
<meta http-equiv="Content-Type" content="text/html;charset=utf-8" />
  <meta name='ocr-system' content='tesseract 3.04.00' />
  <meta name='ocr-capabilities' content='ocr_page ocr_carea ocr_par ocr_line ocrx_word'/>
</head>
<body>
  <div class='ocr_page' id='page_1' title='image "./hippocratisnomi00petegoog_0052.png"; bbox 0 0 4812 6092; ppageno 0'>
   <div class='ocr_carea' id='block_1_1' title="bbox 929 728 1150 790">
    <p class='ocr_par' dir='ltr' id='par_1_1' title="bbox 929 728 1150 790">
     <span class='ocr_line' id='line_1_1' title="bbox 929 728 1150 790; baseline 0 -14"><span class='ocrx_word' id='word_1_1' title='bbox 929 728 1150 790; x_wconf 72' lang='lat' dir='ltr'>...ss-</span> 
     </span>
    </p>
   </div>
   <div class='ocr_carea' id='block_1_2' title="bbox 250 903 1814 2372">
    <p class='ocr_par' dir='ltr' id='par_1_2' title="bbox 250 903 1814 2372">
     <span class='ocr_line' id='line_1_2' title="bbox 254 903 1812 994; baseline -0.001 -14"><span class='ocrx_word' id='word_1_2' title='bbox 254 912 477 992; x_wconf 81' lang='lat' dir='ltr'>Aicmseou*)</span> <span class='ocrx_word' id='word_1_3' title='bbox 506 905 795 994; x_wconf 49' lang='lat' dir='ltr'>Epimenidem)</span> <span class='ocrx_word' id='word_1_4' title='bbox 824 903 1126 990; x_wconf 60' lang='lat' dir='ltr'>hpaaoctesam)</span> <span class='ocrx_word' id='word_1_5' title='bbox 1157 913 1257 992; x_wconf 68' lang='lat' dir='ltr'>sterne</span> <span class='ocrx_word' id='word_1_6' title='bbox 1284 904 1458 992; x_wconf 75' lang='lat' dir='ltr'>Diogenes</span> <span class='ocrx_word' id='word_1_7' title='bbox 1487 906 1730 994; x_wconf 70' lang='lat' dir='ltr'><strong>Apolloniates.</strong></span> <span class='ocrx_word' id='word_1_8' title='bbox 1775 917 1812 984; x_wconf 80' lang='lat' dir='ltr'>tn</span> 
     </span>
     <span class='ocr_line' id='line_1_3' title="bbox 254 1031 1814 1122; baseline -0.001 -18"><span class='ocrx_word' id='word_1_9' title='bbox 254 1039 365 1106; x_wconf 84' lang='lat' dir='ltr'>eoruin</span> <span class='ocrx_word' id='word_1_10' title='bbox 401 1036 586 1122; x_wconf 86' lang='lat' dir='ltr'>disciplinis</span> <span class='ocrx_word' id='word_1_11' title='bbox 619 1034 761 1100; x_wconf 85' lang='lat' dir='ltr'>maxime</span> <span class='ocrx_word' id='word_1_12' title='bbox 795 1033 1117 1098; x_wconf 76' lang='lat' dir='ltr'>animadvertendum</span> <span class='ocrx_word' id='word_1_13' title='bbox 1151 1043 1221 1113; x_wconf 84' lang='lat' dir='ltr'>est,</span> <span class='ocrx_word' id='word_1_14' title='bbox 1257 1031 1336 1118; x_wconf 86' lang='lat' dir='ltr'>quid</span> <span class='ocrx_word' id='word_1_15' title='bbox 1371 1031 1414 1100; x_wconf 89' lang='lat' dir='ltr'>de</span> <span class='ocrx_word' id='word_1_16' title='bbox 1448 1035 1621 1119; x_wconf 75' lang='lat' dir='ltr'>sanguinis</span> <span class='ocrx_word' id='word_1_17' title='bbox 1653 1049 1746 1106; x_wconf 87' lang='lat' dir='ltr'>motn</span> <span class='ocrx_word' id='word_1_18' title='bbox 1779 1055 1814 1110; x_wconf 75' lang='lat' dir='ltr'>et</span> 
     </span>
     <span class='ocr_line' id='line_1_4' title="bbox 254 1155 1813 1250; baseline -0.001 -22"><span class='ocrx_word' id='word_1_19' title='bbox 254 1159 620 1248; x_wconf 77' lang='lat' dir='ltr'>respirandiiamrltate</span> <span class='ocrx_word' id='word_1_20' title='bbox 649 1157 830 1224; x_wconf 87' lang='lat' dir='ltr'>docuerint.</span> <span class='ocrx_word' id='word_1_21' title='bbox 875 1155 1078 1244; x_wconf 76' lang='lat' dir='ltr'>Diogenem,</span> <span class='ocrx_word' id='word_1_22' title='bbox 1109 1159 1165 1244; x_wconf 87' lang='lat' dir='ltr'>qui</span> <span class='ocrx_word' id='word_1_23' title='bbox 1195 1158 1318 1239; x_wconf 91' lang='lat' dir='ltr'>docuit,</span> <span class='ocrx_word' id='word_1_24' title='bbox 1346 1157 1443 1223; x_wconf 86' lang='lat' dir='ltr'>venis</span> <span class='ocrx_word' id='word_1_25' title='bbox 1465 1178 1532 1224; x_wconf 88' lang='lat' dir='ltr'>una</span> <span class='ocrx_word' id='word_1_26' title='bbox 1554 1180 1628 1226; x_wconf 85' lang='lat' dir='ltr'>cum</span> <span class='ocrx_word' id='word_1_27' title='bbox 1649 1166 1813 1250; x_wconf 74' lang='lat' dir='ltr'>sangnine</span> 
     </span>
     <span class='ocr_line' id='line_1_5' title="bbox 254 1282 1812 1372; baseline 0.003 -21"><span class='ocrx_word' id='word_1_28' title='bbox 254 1287 330 1352; x_wconf 90' lang='lat' dir='ltr'>duci</span> <span class='ocrx_word' id='word_1_29' title='bbox 359 1291 467 1352; x_wconf 72' lang='grc'><strong>11811111</strong></span> <span class='ocrx_word' id='word_1_30' title='bbox 489 1285 544 1354; x_wconf 83' lang='lat' dir='ltr'>vel</span> <span class='ocrx_word' id='word_1_31' title='bbox 574 1284 740 1369; x_wconf 87' lang='lat' dir='ltr'>spiritum,</span> <span class='ocrx_word' id='word_1_32' title='bbox 771 1291 908 1348; x_wconf 89' lang='lat' dir='ltr'>secutus</span> <span class='ocrx_word' id='word_1_33' title='bbox 937 1294 991 1348; x_wconf 89' lang='lat' dir='ltr'>est</span> <span class='ocrx_word' id='word_1_34' title='bbox 1020 1283 1250 1369; x_wconf 84' lang='lat' dir='ltr'>Hippocrates.</span> <span class='ocrx_word' id='word_1_35' title='bbox 1302 1282 1522 1370; x_wconf 85' lang='lat' dir='ltr'>Empedocles</span> <span class='ocrx_word' id='word_1_36' title='bbox 1551 1295 1586 1350; x_wconf 87' lang='lat' dir='ltr'>et</span> <span class='ocrx_word' id='word_1_37' title='bbox 1614 1286 1688 1372; x_wconf 89' lang='lat' dir='ltr'>ipse</span> <span class='ocrx_word' id='word_1_38' title='bbox 1716 1294 1812 1360; x_wconf 82' lang='lat' dir='ltr'>venis</span> 
     </span>
     <span class='ocr_line' id='line_1_6' title="bbox 253 1409 1813 1496; baseline 0.004 -18"><span class='ocrx_word' id='word_1_39' title='bbox 253 1412 452 1496; x_wconf 75' lang='lat' dir='ltr'>sanguinem</span> <span class='ocrx_word' id='word_1_40' title='bbox 475 1421 508 1478; x_wconf 91' lang='lat' dir='ltr'>et</span> <span class='ocrx_word' id='word_1_41' title='bbox 530 1417 639 1476; x_wconf 69' lang='lat' dir='ltr'>aerem</span> <span class='ocrx_word' id='word_1_42' title='bbox 661 1409 738 1474; x_wconf 91' lang='lat' dir='ltr'>duci</span> <span class='ocrx_word' id='word_1_43' title='bbox 761 1409 916 1494; x_wconf 77' lang='lat' dir='ltr'><strong>opinatus</strong></span> <span class='ocrx_word' id='word_1_44' title='bbox 939 1419 1005 1490; x_wconf 89' lang='lat' dir='ltr'>est,</span> <span class='ocrx_word' id='word_1_45' title='bbox 1026 1429 1135 1496; x_wconf 84' lang='lat' dir='ltr'>neque</span> <span class='ocrx_word' id='word_1_46' title='bbox 1158 1419 1267 1474; x_wconf 86' lang='lat' dir='ltr'>tamon</span> <span class='ocrx_word' id='word_1_47' title='bbox 1288 1429 1366 1490; x_wconf 86' lang='lat' dir='ltr'>una,</span> <span class='ocrx_word' id='word_1_48' title='bbox 1389 1410 1451 1476; x_wconf 92' lang='lat' dir='ltr'>sed</span> <span class='ocrx_word' id='word_1_49' title='bbox 1472 1410 1638 1493; x_wconf 86' lang='lat' dir='ltr'>vicissim,</span> <span class='ocrx_word' id='word_1_50' title='bbox 1667 1424 1705 1480; x_wconf 92' lang='lat' dir='ltr'>nt</span> <span class='ocrx_word' id='word_1_51' title='bbox 1725 1437 1813 1486; x_wconf 88' lang='lat' dir='ltr'>nunc</span> 
     </span>
     <span class='ocr_line' id='line_1_7' title="bbox 252 1533 1813 1624; baseline 0.001 -20"><span class='ocrx_word' id='word_1_52' title='bbox 252 1539 391 1624; x_wconf 76' lang='lat' dir='ltr'>sangms</span> <span class='ocrx_word' id='word_1_53' title='bbox 413 1544 523 1604; x_wconf 74' lang='lat' dir='ltr'>aerem</span> <span class='ocrx_word' id='word_1_54' title='bbox 546 1533 719 1620; x_wconf 79' lang='lat' dir='ltr'>depellens</span> <span class='ocrx_word' id='word_1_55' title='bbox 741 1555 850 1600; x_wconf 85' lang='lat' dir='ltr'>venas</span> <span class='ocrx_word' id='word_1_56' title='bbox 873 1545 1065 1622; x_wconf 86' lang='lat' dir='ltr'>occuparet,</span> <span class='ocrx_word' id='word_1_57' title='bbox 1093 1555 1181 1600; x_wconf 83' lang='lat' dir='ltr'>nuuc</span> <span class='ocrx_word' id='word_1_58' title='bbox 1211 1539 1267 1601; x_wconf 71' lang='lat' dir='ltr'>aer</span> <span class='ocrx_word' id='word_1_59' title='bbox 1289 1551 1348 1599; x_wconf 87' lang='lat' dir='ltr'>eas</span> <span class='ocrx_word' id='word_1_60' title='bbox 1372 1553 1540 1620; x_wconf 84' lang='lat' dir='ltr'>occupans</span> <span class='ocrx_word' id='word_1_61' title='bbox 1563 1539 1756 1622; x_wconf 72' lang='lat' dir='ltr'>sanguinem</span> <span class='ocrx_word' id='word_1_62' title='bbox 1778 1543 1813 1606; x_wconf 92' lang='lat' dir='ltr'>in</span> 
     </span>
     <span class='ocr_line' id='line_1_8' title="bbox 251 1657 1811 1751; baseline 0.001 -23"><span class='ocrx_word' id='word_1_63' title='bbox 251 1675 362 1748; x_wconf 88' lang='lat' dir='ltr'>portes</span> <span class='ocrx_word' id='word_1_64' title='bbox 386 1663 535 1748; x_wconf 88' lang='lat' dir='ltr'>corporis</span> <span class='ocrx_word' id='word_1_65' title='bbox 557 1660 730 1726; x_wconf 87' lang='lat' dir='ltr'>interiores</span> <span class='ocrx_word' id='word_1_66' title='bbox 753 1659 942 1746; x_wconf 83' lang='lat' dir='ltr'>repelleret</span> <span class='ocrx_word' id='word_1_67' title='bbox 997 1658 1093 1746; x_wconf 86' lang='lat' dir='ltr'>Quae</span> <span class='ocrx_word' id='word_1_68' title='bbox 1123 1681 1166 1726; x_wconf 85' lang='lat' dir='ltr'>ex</span> <span class='ocrx_word' id='word_1_69' title='bbox 1187 1657 1383 1745; x_wconf 89' lang='lat' dir='ltr'>Epicharmo</span> <span class='ocrx_word' id='word_1_70' title='bbox 1414 1672 1547 1728; x_wconf 83' lang='lat' dir='ltr'>servata</span> <span class='ocrx_word' id='word_1_71' title='bbox 1576 1673 1653 1728; x_wconf 90' lang='lat' dir='ltr'>sunt</span> <span class='ocrx_word' id='word_1_72' title='bbox 1674 1662 1811 1751; x_wconf 83' lang='lat' dir='ltr'>physio·</span> 
     </span>
     <span class='ocr_line' id='line_1_9' title="bbox 250 1784 1811 1874; baseline 0.001 -20"><span class='ocrx_word' id='word_1_73' title='bbox 250 1788 361 1874; x_wconf 79' lang='lat' dir='ltr'>logica</span> <span class='ocrx_word' id='word_1_74' title='bbox 379 1802 413 1856; x_wconf 90' lang='lat' dir='ltr'>et</span> <span class='ocrx_word' id='word_1_75' title='bbox 433 1787 612 1870; x_wconf 86' lang='lat' dir='ltr'>medica,†)</span> <span class='ocrx_word' id='word_1_76' title='bbox 635 1787 770 1852; x_wconf 90' lang='lat' dir='ltr'>minoris</span> <span class='ocrx_word' id='word_1_77' title='bbox 788 1796 867 1852; x_wconf 86' lang='lat' dir='ltr'>smrt</span> <span class='ocrx_word' id='word_1_78' title='bbox 887 1786 1055 1867; x_wconf 80' lang='lat' dir='ltr'>momenti,</span> <span class='ocrx_word' id='word_1_79' title='bbox 1079 1805 1177 1872; x_wconf 84' lang='lat' dir='ltr'>quarn</span> <span class='ocrx_word' id='word_1_80' title='bbox 1198 1795 1236 1850; x_wconf 90' lang='lat' dir='ltr'>ut</span> <span class='ocrx_word' id='word_1_81' title='bbox 1259 1793 1348 1850; x_wconf 87' lang='lat' dir='ltr'>certa</span> <span class='ocrx_word' id='word_1_82' title='bbox 1366 1784 1463 1870; x_wconf 75' lang='lat' dir='ltr'>signa</span> <span class='ocrx_word' id='word_1_83' title='bbox 1481 1785 1581 1851; x_wconf 90' lang='lat' dir='ltr'>nobis</span> <span class='ocrx_word' id='word_1_84' title='bbox 1598 1788 1811 1872; x_wconf 79' lang='lat' dir='ltr'>suppeditare</span> 
     </span>
     <span class='ocr_line' id='line_1_10' title="bbox 251 1910 1810 1998; baseline 0.001 -20"><span class='ocrx_word' id='word_1_85' title='bbox 251 1915 392 1998; x_wconf 82' lang='lat' dir='ltr'>possint,</span> <span class='ocrx_word' id='word_1_86' title='bbox 416 1931 458 1976; x_wconf 90' lang='lat' dir='ltr'>eo</span> <span class='ocrx_word' id='word_1_87' title='bbox 481 1913 630 1996; x_wconf 77' lang='lat' dir='ltr'>graviora</span> <span class='ocrx_word' id='word_1_88' title='bbox 653 1925 765 1977; x_wconf 85' lang='lat' dir='ltr'>autem</span> <span class='ocrx_word' id='word_1_89' title='bbox 788 1919 981 1996; x_wconf 75' lang='lat' dir='ltr'>argumenta</span> <span class='ocrx_word' id='word_1_90' title='bbox 1004 1911 1151 1996; x_wconf 70' lang='lat' dir='ltr'>porriget</span> <span class='ocrx_word' id='word_1_91' title='bbox 1167 1910 1325 1996; x_wconf 89' lang='lat' dir='ltr'>loquendi</span> <span class='ocrx_word' id='word_1_92' title='bbox 1348 1928 1466 1995; x_wconf 65' lang='grc'><strong>3111111,</strong></span> <span class='ocrx_word' id='word_1_93' title='bbox 1491 1931 1556 1996; x_wconf 91' lang='lat' dir='ltr'>quo</span> <span class='ocrx_word' id='word_1_94' title='bbox 1576 1910 1632 1978; x_wconf 89' lang='lat' dir='ltr'>ille</span> <span class='ocrx_word' id='word_1_95' title='bbox 1651 1935 1734 1981; x_wconf 92' lang='lat' dir='ltr'>usus</span> <span class='ocrx_word' id='word_1_96' title='bbox 1747 1926 1810 1982; x_wconf 90' lang='lat' dir='ltr'>est.</span> 
     </span>
     <span class='ocr_line' id='line_1_11' title="bbox 250 2035 1812 2122; baseline 0.002 -20"><span class='ocrx_word' id='word_1_97' title='bbox 250 2037 430 2102; x_wconf 84' lang='lat' dir='ltr'>Alcmaeon</span> <span class='ocrx_word' id='word_1_98' title='bbox 459 2037 600 2122; x_wconf 90' lang='lat' dir='ltr'>denique</span> <span class='ocrx_word' id='word_1_99' title='bbox 629 2036 762 2104; x_wconf 90' lang='lat' dir='ltr'>brevius</span> <span class='ocrx_word' id='word_1_100' title='bbox 792 2037 934 2122; x_wconf 85' lang='lat' dir='ltr'>quidem.</span> <span class='ocrx_word' id='word_1_101' title='bbox 956 2036 997 2102; x_wconf 87' lang='lat' dir='ltr'>de</span> <span class='ocrx_word' id='word_1_102' title='bbox 1027 2035 1244 2120; x_wconf 76' lang='lat' dir='ltr'>respiratione</span> <span class='ocrx_word' id='word_1_103' title='bbox 1274 2035 1375 2116; x_wconf 81' lang='lat' dir='ltr'>dixit,</span> <span class='ocrx_word' id='word_1_104' title='bbox 1406 2037 1645 2122; x_wconf 87' lang='lat' dir='ltr'>sedquoniam</span> <span class='ocrx_word' id='word_1_105' title='bbox 1667 2040 1812 2104; x_wconf 90' lang='lat' dir='ltr'>omnium</span> 
     </span>
     <span class='ocr_line' id='line_1_12' title="bbox 250 2133 1810 2248; baseline 0.001 -22"><span class='ocrx_word' id='word_1_106' title='bbox 250 2163 373 2246; x_wconf 90' lang='lat' dir='ltr'>primus</span> <span class='ocrx_word' id='word_1_107' title='bbox 405 2161 446 2226; x_wconf 91' lang='lat' dir='ltr'>de</span> <span class='ocrx_word' id='word_1_108' title='bbox 475 2133 597 2227; x_wconf 87' lang='lat' dir='ltr'>Natura</span> <span class='ocrx_word' id='word_1_109' title='bbox 621 2161 784 2242; x_wconf 86' lang='lat' dir='ltr'>Hominis,</span> <span class='ocrx_word' id='word_1_110' title='bbox 815 2163 992 2248; x_wconf 88' lang='lat' dir='ltr'>pmecipue</span> <span class='ocrx_word' id='word_1_111' title='bbox 1022 2163 1068 2226; x_wconf 92' lang='lat' dir='ltr'>de</span> <span class='ocrx_word' id='word_1_112' title='bbox 1099 2161 1273 2244; x_wconf 90' lang='lat' dir='ltr'>sensibus,</span> <span class='ocrx_word' id='word_1_113' title='bbox 1303 2161 1459 2244; x_wconf 80' lang='lat' dir='ltr'>exposuit</span> <span class='ocrx_word' id='word_1_114' title='bbox 1487 2171 1586 2246; x_wconf 87' lang='lat' dir='ltr'>atque</span> <span class='ocrx_word' id='word_1_115' title='bbox 1615 2162 1810 2230; x_wconf 84' lang='lat' dir='ltr'>animalibus</span> 
     </span>
     <span class='ocr_line' id='line_1_13' title="bbox 250 2285 1423 2372; baseline -0.002 -23"><span class='ocrx_word' id='word_1_116' title='bbox 250 2286 439 2352; x_wconf 81' lang='lat' dir='ltr'>resecandis</span> <span class='ocrx_word' id='word_1_117' title='bbox 463 2307 596 2372; x_wconf 88' lang='lat' dir='ltr'>operam</span> <span class='ocrx_word' id='word_1_118' title='bbox 620 2287 721 2366; x_wconf 88' lang='lat' dir='ltr'>dedit,</span> <span class='ocrx_word' id='word_1_119' title='bbox 746 2288 818 2352; x_wconf 90' lang='lat' dir='ltr'>eius</span> <span class='ocrx_word' id='word_1_120' title='bbox 842 2285 1003 2372; x_wconf 85' lang='lat' dir='ltr'>reliquiae</span> <span class='ocrx_word' id='word_1_121' title='bbox 1026 2287 1136 2372; x_wconf 82' lang='lat' dir='ltr'>magni</span> <span class='ocrx_word' id='word_1_122' title='bbox 1160 2298 1237 2352; x_wconf 86' lang='lat' dir='ltr'>sunt</span> <span class='ocrx_word' id='word_1_123' title='bbox 1259 2285 1423 2350; x_wconf 86' lang='lat' dir='ltr'>momenti.</span> 
     </span>
    </p>
   </div>
   <div class='ocr_carea' id='block_1_3' title="bbox 247 2445 1812 3413">
    <p class='ocr_par' dir='ltr' id='par_1_3' title="bbox 247 2445 1812 3413">
     <span class='ocr_line' id='line_1_14' title="bbox 339 2445 1810 2534; baseline 0 -20"><span class='ocrx_word' id='word_1_124' title='bbox 339 2445 434 2532; x_wconf 84' lang='lat' dir='ltr'>Quae</span> <span class='ocrx_word' id='word_1_125' title='bbox 459 2447 491 2512; x_wconf 91' lang='lat' dir='ltr'>in</span> <span class='ocrx_word' id='word_1_126' title='bbox 515 2449 618 2533; x_wconf 89' lang='lat' dir='ltr'>prima</span> <span class='ocrx_word' id='word_1_127' title='bbox 642 2447 751 2514; x_wconf 89' lang='lat' dir='ltr'>classe</span> <span class='ocrx_word' id='word_1_128' title='bbox 776 2445 1014 2514; x_wconf 88' lang='lat' dir='ltr'>collocavimus</span> <span class='ocrx_word' id='word_1_129' title='bbox 1039 2449 1161 2534; x_wconf 87' lang='lat' dir='ltr'>scripta</span> <span class='ocrx_word' id='word_1_130' title='bbox 1185 2449 1257 2530; x_wconf 89' lang='lat' dir='ltr'>tria,</span> <span class='ocrx_word' id='word_1_131' title='bbox 1278 2446 1646 2514; x_wconf 86' lang='lat' dir='ltr'>atotidemauctoribus</span> <span class='ocrx_word' id='word_1_132' title='bbox 1660 2449 1810 2534; x_wconf 86' lang='lat' dir='ltr'>prosecta</span> 
     </span>
     <span class='ocr_line' id='line_1_15' title="bbox 253 2572 1809 2658; baseline 0.003 -24"><span class='ocrx_word' id='word_1_133' title='bbox 253 2593 342 2652; x_wconf 88' lang='lat' dir='ltr'>esse,</span> <span class='ocrx_word' id='word_1_134' title='bbox 367 2583 399 2636; x_wconf 92' lang='lat' dir='ltr'>et</span> <span class='ocrx_word' id='word_1_135' title='bbox 421 2572 578 2658; x_wconf 87' lang='lat' dir='ltr'>loquendi</span> <span class='ocrx_word' id='word_1_136' title='bbox 595 2593 717 2657; x_wconf 81' lang='lat' dir='ltr'>genera</span> <span class='ocrx_word' id='word_1_137' title='bbox 744 2583 778 2637; x_wconf 90' lang='lat' dir='ltr'>et</span> <span class='ocrx_word' id='word_1_138' title='bbox 807 2573 886 2638; x_wconf 89' lang='lat' dir='ltr'>artis</span> <span class='ocrx_word' id='word_1_139' title='bbox 913 2593 1112 2658; x_wconf 84' lang='lat' dir='ltr'>progressus</span> <span class='ocrx_word' id='word_1_140' title='bbox 1135 2582 1283 2658; x_wconf 85' lang='lat' dir='ltr'>argrtunt.</span> <span class='ocrx_word' id='word_1_141' title='bbox 1329 2573 1570 2636; x_wconf 82' lang='lat' dir='ltr'>Praedictoram</span> <span class='ocrx_word' id='word_1_142' title='bbox 1594 2575 1672 2638; x_wconf 85' lang='lat' dir='ltr'>liber</span> <span class='ocrx_word' id='word_1_143' title='bbox 1690 2580 1809 2658; x_wconf 81' lang='lat' dir='ltr'>primae</span> 
     </span>
     <span class='ocr_line' id='line_1_16' title="bbox 252 2695 1808 2785; baseline 0.004 -23"><span class='ocrx_word' id='word_1_144' title='bbox 252 2709 284 2762; x_wconf 92' lang='lat' dir='ltr'>et</span> <span class='ocrx_word' id='word_1_145' title='bbox 309 2695 433 2760; x_wconf 80' lang='lat' dir='ltr'>Concae</span> <span class='ocrx_word' id='word_1_146' title='bbox 455 2697 683 2764; x_wconf 76' lang='lat' dir='ltr'>Promotionee</span> <span class='ocrx_word' id='word_1_147' title='bbox 713 2700 878 2785; x_wconf 86' lang='lat' dir='ltr'>quomodo</span> <span class='ocrx_word' id='word_1_148' title='bbox 907 2699 991 2764; x_wconf 88' lang='lat' dir='ltr'>inter</span> <span class='ocrx_word' id='word_1_149' title='bbox 1019 2719 1057 2765; x_wconf 90' lang='lat' dir='ltr'>se</span> <span class='ocrx_word' id='word_1_150' title='bbox 1087 2698 1300 2777; x_wconf 84' lang='lat' dir='ltr'>cohaereant,</span> <span class='ocrx_word' id='word_1_151' title='bbox 1336 2699 1473 2784; x_wconf 91' lang='lat' dir='ltr'>primum</span> <span class='ocrx_word' id='word_1_152' title='bbox 1503 2710 1556 2764; x_wconf 91' lang='lat' dir='ltr'>est</span> <span class='ocrx_word' id='word_1_153' title='bbox 1579 2702 1808 2785; x_wconf 86' lang='lat' dir='ltr'>quaerendum.</span> 
     </span>
     <span class='ocr_line' id='line_1_17' title="bbox 249 2823 1811 2914; baseline -0.001 -23"><span class='ocrx_word' id='word_1_154' title='bbox 249 2825 428 2914; x_wconf 84' lang='lat' dir='ltr'>Utrumque</span> <span class='ocrx_word' id='word_1_155' title='bbox 452 2847 537 2912; x_wconf 92' lang='lat' dir='ltr'>opus</span> <span class='ocrx_word' id='word_1_156' title='bbox 560 2849 627 2894; x_wconf 90' lang='lat' dir='ltr'>non</span> <span class='ocrx_word' id='word_1_157' title='bbox 657 2847 734 2892; x_wconf 89' lang='lat' dir='ltr'>esse</span> <span class='ocrx_word' id='word_1_158' title='bbox 758 2827 986 2912; x_wconf 85' lang='lat' dir='ltr'>Hippocratis,</span> <span class='ocrx_word' id='word_1_159' title='bbox 1023 2823 1206 2888; x_wconf 87' lang='lat' dir='ltr'>criticorum</span> <span class='ocrx_word' id='word_1_160' title='bbox 1236 2842 1310 2886; x_wconf 90' lang='lat' dir='ltr'>cum</span> <span class='ocrx_word' id='word_1_161' title='bbox 1333 2832 1481 2888; x_wconf 85' lang='lat' dir='ltr'>veterum</span> <span class='ocrx_word' id='word_1_162' title='bbox 1505 2833 1572 2886; x_wconf 84' lang='grc'><strong>111111</strong></span> <span class='ocrx_word' id='word_1_163' title='bbox 1595 2826 1811 2890; x_wconf 88' lang='lat' dir='ltr'>recentiorum</span> 
     </span>
     <span class='ocr_line' id='line_1_18' title="bbox 247 2943 1810 3039; baseline 0.001 -23"><span class='ocrx_word' id='word_1_164' title='bbox 247 2951 376 3034; x_wconf 88' lang='lat' dir='ltr'>plurimi</span> <span class='ocrx_word' id='word_1_165' title='bbox 400 2954 621 3036; x_wconf 87' lang='lat' dir='ltr'>consentiunt,</span> <span class='ocrx_word' id='word_1_166' title='bbox 645 2955 719 3038; x_wconf 93' lang='lat' dir='ltr'>ipso</span> <span class='ocrx_word' id='word_1_167' title='bbox 744 2953 944 3039; x_wconf 88' lang='lat' dir='ltr'>Hippocrate</span> <span class='ocrx_word' id='word_1_168' title='bbox 967 2971 1045 3018; x_wconf 90' lang='lat' dir='ltr'>esse</span> <span class='ocrx_word' id='word_1_169' title='bbox 1072 2943 1268 3036; x_wconf 82' lang='lat' dir='ltr'>antiquiora,</span> <span class='ocrx_word' id='word_1_170' title='bbox 1291 2958 1325 3013; x_wconf 90' lang='lat' dir='ltr'>et</span> <span class='ocrx_word' id='word_1_171' title='bbox 1347 2949 1564 3032; x_wconf 63' lang='lat' dir='ltr'>dictionisiis)</span> <span class='ocrx_word' id='word_1_172' title='bbox 1589 2959 1622 3015; x_wconf 90' lang='lat' dir='ltr'>et</span> <span class='ocrx_word' id='word_1_173' title='bbox 1645 2952 1810 3017; x_wconf 78' lang='lat' dir='ltr'>docminac</span> 
     </span>
     <span class='ocr_line' id='line_1_19' title="bbox 250 3073 1812 3160; baseline 0.003 -23"><span class='ocrx_word' id='word_1_174' title='bbox 250 3075 395 3138; x_wconf 83' lang='lat' dir='ltr'>rationes</span> <span class='ocrx_word' id='word_1_175' title='bbox 413 3075 652 3160; x_wconf 81' lang='lat' dir='ltr'>probant,†††)</span> <span class='ocrx_word' id='word_1_176' title='bbox 676 3096 761 3160; x_wconf 83' lang='lat' dir='ltr'>quae</span> <span class='ocrx_word' id='word_1_177' title='bbox 785 3076 919 3141; x_wconf 82' lang='lat' dir='ltr'>eaedem</span> <span class='ocrx_word' id='word_1_178' title='bbox 931 3075 1172 3138; x_wconf 56' lang='lat' dir='ltr'>Prata-dictorum</span> <span class='ocrx_word' id='word_1_179' title='bbox 1196 3075 1306 3138; x_wconf 78' lang='lat' dir='ltr'>librum</span> <span class='ocrx_word' id='word_1_180' title='bbox 1327 3073 1589 3136; x_wconf 77' lang='lat' dir='ltr'>Praenotr&#39;orrt&#39;bua</span> <span class='ocrx_word' id='word_1_181' title='bbox 1611 3077 1812 3160; x_wconf 80' lang='lat' dir='ltr'>superiorem</span> 
     </span>
     <span class='ocr_line' id='line_1_20' title="bbox 248 3199 1808 3289; baseline 0.006 -30"><span class='ocrx_word' id='word_1_182' title='bbox 248 3199 434 3263; x_wconf 88' lang='lat' dir='ltr'>ostendunt.</span> <span class='ocrx_word' id='word_1_183' title='bbox 480 3201 597 3286; x_wconf 85' lang='lat' dir='ltr'>Neque</span> <span class='ocrx_word' id='word_1_184' title='bbox 622 3201 812 3288; x_wconf 88' lang='lat' dir='ltr'>quisquam,</span> <span class='ocrx_word' id='word_1_185' title='bbox 843 3201 975 3285; x_wconf 90' lang='lat' dir='ltr'>opinor,</span> <span class='ocrx_word' id='word_1_186' title='bbox 1005 3201 1183 3282; x_wconf 84' lang='lat' dir='ltr'>dubitabit,</span> <span class='ocrx_word' id='word_1_187' title='bbox 1206 3199 1290 3266; x_wconf 86' lang='lat' dir='ltr'>haec</span> <span class='ocrx_word' id='word_1_188' title='bbox 1313 3220 1390 3265; x_wconf 87' lang='lat' dir='ltr'>esse</span> <span class='ocrx_word' id='word_1_189' title='bbox 1413 3199 1537 3283; x_wconf 80' lang='lat' dir='ltr'>scripta</span> <span class='ocrx_word' id='word_1_190' title='bbox 1554 3199 1623 3276; x_wconf 90' lang='lat' dir='ltr'>illa,</span> <span class='ocrx_word' id='word_1_191' title='bbox 1653 3222 1738 3289; x_wconf 90' lang='lat' dir='ltr'>quae</span> <span class='ocrx_word' id='word_1_192' title='bbox 1768 3203 1808 3269; x_wconf 92' lang='lat' dir='ltr'>ab</span> 
     </span>
     <span class='ocr_line' id='line_1_21' title="bbox 249 3319 1808 3413; baseline 0.006 -27"><span class='ocrx_word' id='word_1_193' title='bbox 249 3319 447 3407; x_wconf 86' lang='lat' dir='ltr'>Hippocrate</span> <span class='ocrx_word' id='word_1_194' title='bbox 471 3345 489 3388; x_wconf 90' lang='lat' dir='ltr'>e</span> <span class='ocrx_word' id='word_1_195' title='bbox 514 3323 635 3390; x_wconf 83' lang='lat' dir='ltr'>tabulis</span> <span class='ocrx_word' id='word_1_196' title='bbox 658 3327 780 3392; x_wconf 80' lang='lat' dir='ltr'>votivis</span> <span class='ocrx_word' id='word_1_197' title='bbox 803 3323 857 3392; x_wconf 90' lang='lat' dir='ltr'>vel</span> <span class='ocrx_word' id='word_1_198' title='bbox 881 3323 1039 3390; x_wconf 89' lang='lat' dir='ltr'>tabulario</span> <span class='ocrx_word' id='word_1_199' title='bbox 1069 3325 1181 3410; x_wconf 91' lang='lat' dir='ltr'>templi</span> <span class='ocrx_word' id='word_1_200' title='bbox 1211 3325 1244 3390; x_wconf 90' lang='lat' dir='ltr'>in</span> <span class='ocrx_word' id='word_1_201' title='bbox 1267 3323 1379 3390; x_wconf 87' lang='lat' dir='ltr'>insula</span> <span class='ocrx_word' id='word_1_202' title='bbox 1402 3323 1475 3390; x_wconf 80' lang='lat' dir='ltr'>Coo</span> <span class='ocrx_word' id='word_1_203' title='bbox 1498 3325 1704 3413; x_wconf 84' lang='lat' dir='ltr'>Aesculapio</span> <span class='ocrx_word' id='word_1_204' title='bbox 1730 3351 1808 3396; x_wconf 91' lang='lat' dir='ltr'>con·</span> 
     </span>
    </p>
   </div>
   <div class='ocr_carea' id='block_1_4' title="bbox 247 3531 675 3544">
    <p class='ocr_par' dir='ltr' id='par_1_4' title="bbox 247 3531 675 3544">
     <span class='ocr_line' id='line_1_22' title="bbox 247 3531 675 3544; baseline 0.016 -6"><span class='ocrx_word' id='word_1_205' title='bbox 247 3531 254 3538; x_wconf 79' lang='lat'><em>=</em></span> <span class='ocrx_word' id='word_1_206' title='bbox 262 3531 328 3539; x_wconf 54' lang='grc' dir='ltr'>--ηι-</span> <span class='ocrx_word' id='word_1_207' title='bbox 335 3532 675 3544; x_wconf 75' lang='lat'><strong>-.-·-—..——--—-—.</strong></span> 
     </span>
    </p>
   </div>
   <div class='ocr_carea' id='block_1_5' title="bbox 319 3673 1807 3961">
    <p class='ocr_par' dir='ltr' id='par_1_5' title="bbox 319 3673 1807 3961">
     <span class='ocr_line' id='line_1_23' title="bbox 319 3673 1807 3747; baseline 0.006 -21"><span class='ocrx_word' id='word_1_208' title='bbox 319 3675 348 3740; x_wconf 83' lang='grc'>·)</span> <span class='ocrx_word' id='word_1_209' title='bbox 387 3673 431 3726; x_wconf 87' lang='lat' dir='ltr'>De</span> <span class='ocrx_word' id='word_1_210' title='bbox 461 3673 631 3728; x_wconf 79' lang='lat' dir='ltr'>Alcmaeone</span> <span class='ocrx_word' id='word_1_211' title='bbox 658 3677 820 3730; x_wconf 72' lang='lat' dir='ltr'>Crotoniatas</span> <span class='ocrx_word' id='word_1_212' title='bbox 846 3676 963 3747; x_wconf 87' lang='lat' dir='ltr'>eiusquc</span> <span class='ocrx_word' id='word_1_213' title='bbox 990 3676 1170 3742; x_wconf 70' lang='lat' dir='ltr'>fragmentis,</span> <span class='ocrx_word' id='word_1_214' title='bbox 1195 3691 1267 3746; x_wconf 85' lang='lat' dir='ltr'>quae</span> <span class='ocrx_word' id='word_1_215' title='bbox 1286 3683 1448 3745; x_wconf 84' lang='lat' dir='ltr'>supersunt,</span> <span class='ocrx_word' id='word_1_216' title='bbox 1467 3677 1579 3746; x_wconf 81' lang='lat' dir='ltr'>scripsit</span> <span class='ocrx_word' id='word_1_217' title='bbox 1597 3675 1639 3732; x_wconf 83' lang='lat' dir='ltr'>tt.</span> <span class='ocrx_word' id='word_1_218' title='bbox 1658 3678 1693 3732; x_wconf 80' lang='lat' dir='ltr'>A.</span> <span class='ocrx_word' id='word_1_219' title='bbox 1713 3678 1807 3735; x_wconf 87' lang='lat' dir='ltr'>Unna.</span> 
     </span>
     <span class='ocr_line' id='line_1_24' title="bbox 391 3779 1807 3854; baseline 0.007 -22"><span class='ocrx_word' id='word_1_220' title='bbox 391 3779 494 3834; x_wconf 81' lang='lat' dir='ltr'>Exstat</span> <span class='ocrx_word' id='word_1_221' title='bbox 518 3782 546 3835; x_wconf 85' lang='lat' dir='ltr'>in</span> <span class='ocrx_word' id='word_1_222' title='bbox 566 3783 637 3837; x_wconf 88' lang='lat' dir='ltr'>libro</span> <span class='ocrx_word' id='word_1_223' title='bbox 656 3797 673 3834; x_wconf 88' lang='lat' dir='ltr'>a</span> <span class='ocrx_word' id='word_1_224' title='bbox 692 3801 735 3838; x_wconf 89' lang='lat' dir='ltr'>me</span> <span class='ocrx_word' id='word_1_225' title='bbox 754 3783 846 3839; x_wconf 90' lang='lat' dir='ltr'>edito:</span> <span class='ocrx_word' id='word_1_226' title='bbox 876 3781 1258 3854; x_wconf 74' lang='lat' dir='ltr'>Philologisob-bistorische</span> <span class='ocrx_word' id='word_1_227' title='bbox 1284 3781 1403 3838; x_wconf 88' lang='lat' dir='ltr'>Studien</span> <span class='ocrx_word' id='word_1_228' title='bbox 1430 3785 1482 3837; x_wconf 87' lang='lat' dir='ltr'>soi</span> <span class='ocrx_word' id='word_1_229' title='bbox 1502 3785 1566 3840; x_wconf 88' lang='lat' dir='ltr'>dem</span> <span class='ocrx_word' id='word_1_230' title='bbox 1591 3785 1807 3842; x_wconf 85' lang='lat' dir='ltr'>skedemischen</span> 
     </span>
     <span class='ocr_line' id='line_1_25' title="bbox 392 3887 899 3961; baseline 0.012 -21"><span class='ocrx_word' id='word_1_231' title='bbox 392 3887 575 3956; x_wconf 82' lang='lat' dir='ltr'>Gymnasium</span> <span class='ocrx_word' id='word_1_232' title='bbox 593 3889 622 3944; x_wconf 90' lang='lat' dir='ltr'>in</span> <span class='ocrx_word' id='word_1_233' title='bbox 642 3891 798 3961; x_wconf 81' lang='lat' dir='ltr'>Hamborg.</span> <span class='ocrx_word' id='word_1_234' title='bbox 820 3895 899 3948; x_wconf 75' lang='grc'><strong>1882.</strong></span> 
     </span>
    </p>
   </div>
   <div class='ocr_carea' id='block_1_6' title="bbox 304 4031 1510 4105">
    <p class='ocr_par' dir='ltr' id='par_1_6' title="bbox 304 4031 1510 4105">
     <span class='ocr_line' id='line_1_26' title="bbox 304 4031 1510 4105; baseline 0.002 -22"><span class='ocrx_word' id='word_1_235' title='bbox 304 4031 350 4098; x_wconf 64' lang='grc' dir='ltr'>Ι1)</span> <span class='ocrx_word' id='word_1_236' title='bbox 388 4031 546 4100; x_wconf 84' lang='lat' dir='ltr'>Epicharmi</span> <span class='ocrx_word' id='word_1_237' title='bbox 566 4032 734 4102; x_wconf 80' lang='lat' dir='ltr'>Fragmenta</span> <span class='ocrx_word' id='word_1_238' title='bbox 753 4035 864 4105; x_wconf 75' lang='lat' dir='ltr'>collegit</span> <span class='ocrx_word' id='word_1_239' title='bbox 883 4035 920 4090; x_wconf 90' lang='lat' dir='ltr'>H.</span> <span class='ocrx_word' id='word_1_240' title='bbox 942 4035 1246 4090; x_wconf 85' lang='lat' dir='ltr'>Poimen-Krnseman.</span> <span class='ocrx_word' id='word_1_241' title='bbox 1285 4033 1411 4086; x_wconf 86' lang='lat' dir='ltr'>Hariemi</span> <span class='ocrx_word' id='word_1_242' title='bbox 1434 4037 1510 4087; x_wconf 78' lang='grc'><strong>1834.</strong></span> 
     </span>
    </p>
   </div>
   <div class='ocr_carea' id='block_1_7' title="bbox 295 4175 1806 4248">
    <p class='ocr_par' dir='ltr' id='par_1_7' title="bbox 295 4175 1806 4248">
     <span class='ocr_line' id='line_1_27' title="bbox 295 4175 1806 4248; baseline 0.005 -20"><span class='ocrx_word' id='word_1_243' title='bbox 295 4175 357 4242; x_wconf 69' lang='grc' dir='ltr'>Ἰ’1</span> <span class='ocrx_word' id='word_1_244' title='bbox 394 4175 578 4243; x_wconf 82' lang='lat' dir='ltr'>Empedocles</span> <span class='ocrx_word' id='word_1_245' title='bbox 597 4175 805 4246; x_wconf 71' lang='lat' dir='ltr'>Agrigentinus.</span> <span class='ocrx_word' id='word_1_246' title='bbox 842 4179 888 4234; x_wconf 86' lang='lat' dir='ltr'>Do</span> <span class='ocrx_word' id='word_1_247' title='bbox 907 4179 967 4234; x_wconf 79' lang='lat' dir='ltr'>uita</span> <span class='ocrx_word' id='word_1_248' title='bbox 984 4185 1013 4233; x_wconf 88' lang='lat' dir='ltr'>et</span> <span class='ocrx_word' id='word_1_249' title='bbox 1030 4178 1131 4248; x_wconf 85' lang='lat' dir='ltr'>philos.</span> <span class='ocrx_word' id='word_1_250' title='bbox 1150 4177 1212 4232; x_wconf 85' lang='lat' dir='ltr'>eius</span> <span class='ocrx_word' id='word_1_251' title='bbox 1229 4176 1361 4245; x_wconf 84' lang='lat' dir='ltr'>exposuit</span> <span class='ocrx_word' id='word_1_252' title='bbox 1379 4175 1425 4232; x_wconf 86' lang='lat' dir='ltr'>Fr.</span> <span class='ocrx_word' id='word_1_253' title='bbox 1445 4176 1482 4230; x_wconf 89' lang='lat' dir='ltr'>G.</span> <span class='ocrx_word' id='word_1_254' title='bbox 1500 4175 1594 4232; x_wconf 79' lang='lat' dir='ltr'>Stura.</span> <span class='ocrx_word' id='word_1_255' title='bbox 1632 4176 1806 4248; x_wconf 67' lang='grc'><strong>1111111866.</strong></span> 
     </span>
    </p>
   </div>
   <div class='ocr_carea' id='block_1_8' title="bbox 329 4325 1808 4506">
    <p class='ocr_par' dir='ltr' id='par_1_8' title="bbox 329 4325 1808 4506">
     <span class='ocr_line' id='line_1_28' title="bbox 329 4325 1808 4397; baseline 0.007 -20"><span class='ocrx_word' id='word_1_256' title='bbox 329 4329 359 4394; x_wconf 83' lang='lat'>†)</span> <span class='ocrx_word' id='word_1_257' title='bbox 395 4325 427 4379; x_wconf 87' lang='lat' dir='ltr'>C.</span> <span class='ocrx_word' id='word_1_258' title='bbox 446 4325 510 4380; x_wconf 81' lang='lat' dir='ltr'>ioh.</span> <span class='ocrx_word' id='word_1_259' title='bbox 531 4327 647 4395; x_wconf 73' lang='lat' dir='ltr'>(lapset,</span> <span class='ocrx_word' id='word_1_260' title='bbox 667 4329 711 4382; x_wconf 89' lang='lat' dir='ltr'>De</span> <span class='ocrx_word' id='word_1_261' title='bbox 731 4331 910 4386; x_wconf 88' lang='lat' dir='ltr'>Doriensium</span> <span class='ocrx_word' id='word_1_262' title='bbox 930 4327 1075 4384; x_wconf 87' lang='lat' dir='ltr'>comoedia</span> <span class='ocrx_word' id='word_1_263' title='bbox 1092 4327 1130 4385; x_wconf 78' lang='lat' dir='ltr'>V.</span> <span class='ocrx_word' id='word_1_264' title='bbox 1144 4329 1168 4384; x_wconf 88' lang='lat'>1.</span> <span class='ocrx_word' id='word_1_265' title='bbox 1188 4329 1321 4384; x_wconf 83' lang='lat' dir='ltr'>Coloniae</span> <span class='ocrx_word' id='word_1_266' title='bbox 1342 4333 1646 4397; x_wconf 57' lang='grc'><strong>1828411188-88.</strong></span> <span class='ocrx_word' id='word_1_267' title='bbox 1675 4331 1808 4388; x_wconf 79' lang='lat' dir='ltr'>Wclckrr</span> 
     </span>
     <span class='ocr_line' id='line_1_29' title="bbox 392 4433 1570 4506; baseline 0.005 -20"><span class='ocrx_word' id='word_1_268' title='bbox 392 4433 419 4486; x_wconf 89' lang='lat' dir='ltr'>in</span> <span class='ocrx_word' id='word_1_269' title='bbox 438 4435 586 4500; x_wconf 88' lang='lat' dir='ltr'>sententia,</span> <span class='ocrx_word' id='word_1_270' title='bbox 605 4453 688 4506; x_wconf 88' lang='lat' dir='ltr'>qoam</span> <span class='ocrx_word' id='word_1_271' title='bbox 708 4436 782 4492; x_wconf 87' lang='lat' dir='ltr'>dixit</span> <span class='ocrx_word' id='word_1_272' title='bbox 799 4438 835 4492; x_wconf 90' lang='lat' dir='ltr'>de</span> <span class='ocrx_word' id='word_1_273' title='bbox 853 4439 905 4494; x_wconf 91' lang='lat' dir='ltr'>hoc</span> <span class='ocrx_word' id='word_1_274' title='bbox 924 4437 1011 4492; x_wconf 86' lang='lat' dir='ltr'>libro:</span> <span class='ocrx_word' id='word_1_275' title='bbox 1031 4435 1150 4506; x_wconf 82' lang='lat' dir='ltr'>Aligem.</span> <span class='ocrx_word' id='word_1_276' title='bbox 1170 4437 1282 4493; x_wconf 82' lang='lat' dir='ltr'>Schola.</span> <span class='ocrx_word' id='word_1_277' title='bbox 1302 4437 1343 4494; x_wconf 88' lang='lat'>11.</span> <span class='ocrx_word' id='word_1_278' title='bbox 1364 4441 1442 4492; x_wconf 84' lang='grc'><strong>1830.</strong></span> <span class='ocrx_word' id='word_1_279' title='bbox 1461 4453 1490 4506; x_wconf 89' lang='lat' dir='ltr'>p.</span> <span class='ocrx_word' id='word_1_280' title='bbox 1507 4441 1570 4492; x_wconf 82' lang='grc'><strong>477.</strong></span> 
     </span>
    </p>
   </div>
   <div class='ocr_carea' id='block_1_9' title="bbox 289 4576 1809 5084">
    <p class='ocr_par' dir='ltr' id='par_1_9' title="bbox 309 4576 1348 4648">
     <span class='ocr_line' id='line_1_30' title="bbox 309 4576 1348 4648; baseline 0.008 -20"><span class='ocrx_word' id='word_1_281' title='bbox 309 4579 358 4648; x_wconf 62' lang='grc' dir='ltr'>ᾗ)</span> <span class='ocrx_word' id='word_1_282' title='bbox 395 4576 457 4634; x_wconf 86' lang='lat' dir='ltr'>Hoc</span> <span class='ocrx_word' id='word_1_283' title='bbox 475 4578 605 4632; x_wconf 87' lang='lat' dir='ltr'>dictionis</span> <span class='ocrx_word' id='word_1_284' title='bbox 622 4581 771 4636; x_wconf 84' lang='lat' dir='ltr'>discrimen</span> <span class='ocrx_word' id='word_1_285' title='bbox 791 4583 912 4636; x_wconf 80' lang='lat' dir='ltr'>maxime</span> <span class='ocrx_word' id='word_1_286' title='bbox 930 4579 959 4633; x_wconf 94' lang='lat' dir='ltr'>in</span> <span class='ocrx_word' id='word_1_287' title='bbox 976 4579 1094 4634; x_wconf 86' lang='lat' dir='ltr'>Articuli</span> <span class='ocrx_word' id='word_1_288' title='bbox 1109 4598 1162 4635; x_wconf 86' lang='lat' dir='ltr'>usu</span> <span class='ocrx_word' id='word_1_289' title='bbox 1175 4583 1348 4636; x_wconf 86' lang='lat' dir='ltr'>observatur.</span> 
     </span>
    </p>

    <p class='ocr_par' dir='ltr' id='par_1_10' title="bbox 289 4687 1809 5084">
     <span class='ocr_line' id='line_1_31' title="bbox 289 4687 1809 4764; baseline 0.002 -23"><span class='ocrx_word' id='word_1_290' title='bbox 289 4687 357 4758; x_wconf 85' lang='lat'><em>†††)</em></span> <span class='ocrx_word' id='word_1_291' title='bbox 393 4689 472 4744; x_wconf 86' lang='lat' dir='ltr'>idem</span> <span class='ocrx_word' id='word_1_292' title='bbox 492 4690 610 4746; x_wconf 89' lang='lat' dir='ltr'>coniecit</span> <span class='ocrx_word' id='word_1_293' title='bbox 627 4691 655 4745; x_wconf 85' lang='lat' dir='ltr'>J.</span> <span class='ocrx_word' id='word_1_294' title='bbox 675 4692 708 4748; x_wconf 80' lang='lat' dir='ltr'>F.</span> <span class='ocrx_word' id='word_1_295' title='bbox 728 4691 763 4747; x_wconf 80' lang='lat' dir='ltr'>tt.</span> <span class='ocrx_word' id='word_1_296' title='bbox 784 4693 891 4747; x_wconf 85' lang='lat' dir='ltr'>Grimm</span> <span class='ocrx_word' id='word_1_297' title='bbox 910 4693 938 4748; x_wconf 91' lang='lat' dir='ltr'>in</span> <span class='ocrx_word' id='word_1_298' title='bbox 958 4693 1144 4758; x_wconf 84' lang='lat' dir='ltr'>enarratione,</span> <span class='ocrx_word' id='word_1_299' title='bbox 1163 4711 1245 4764; x_wconf 86' lang='lat' dir='ltr'>quam</span> <span class='ocrx_word' id='word_1_300' title='bbox 1264 4691 1483 4764; x_wconf 89' lang='lat' dir='ltr'>interpretationi</span> <span class='ocrx_word' id='word_1_301' title='bbox 1506 4691 1688 4762; x_wconf 87' lang='lat' dir='ltr'>Hippocratis</span> <span class='ocrx_word' id='word_1_302' title='bbox 1705 4691 1809 4745; x_wconf 82' lang='lat' dir='ltr'>adiecit</span> 
     </span>
     <span class='ocr_line' id='line_1_32' title="bbox 392 4797 1808 4871; baseline 0.001 -21"><span class='ocrx_word' id='word_1_303' title='bbox 392 4797 456 4852; x_wconf 88' lang='lat' dir='ltr'>Vol.</span> <span class='ocrx_word' id='word_1_304' title='bbox 476 4798 515 4853; x_wconf 89' lang='lat' dir='ltr'>il.</span> <span class='ocrx_word' id='word_1_305' title='bbox 533 4816 562 4868; x_wconf 92' lang='lat' dir='ltr'>p.</span> <span class='ocrx_word' id='word_1_306' title='bbox 581 4803 761 4857; x_wconf 72' lang='grc' dir='ltr'><strong>8661ῑό68.</strong></span> <span class='ocrx_word' id='word_1_307' title='bbox 799 4799 855 4854; x_wconf 89' lang='lat' dir='ltr'>Hic</span> <span class='ocrx_word' id='word_1_308' title='bbox 879 4815 946 4855; x_wconf 77' lang='lat' dir='ltr'>vero</span> <span class='ocrx_word' id='word_1_309' title='bbox 969 4807 1059 4866; x_wconf 84' lang='lat' dir='ltr'>errat,</span> <span class='ocrx_word' id='word_1_310' title='bbox 1088 4801 1112 4856; x_wconf 88' lang='lat' dir='ltr'>si</span> <span class='ocrx_word' id='word_1_311' title='bbox 1144 4808 1292 4871; x_wconf 87' lang='lat' dir='ltr'>utmmque</span> <span class='ocrx_word' id='word_1_312' title='bbox 1322 4801 1423 4854; x_wconf 89' lang='lat' dir='ltr'>tibrum</span> <span class='ocrx_word' id='word_1_313' title='bbox 1448 4799 1573 4853; x_wconf 86' lang='lat' dir='ltr'>eiusdem</span> <span class='ocrx_word' id='word_1_314' title='bbox 1598 4815 1660 4852; x_wconf 88' lang='lat' dir='ltr'>osse</span> <span class='ocrx_word' id='word_1_315' title='bbox 1685 4797 1808 4851; x_wconf 84' lang='lat' dir='ltr'>auctoris</span> 
     </span>
     <span class='ocr_line' id='line_1_33' title="bbox 390 4903 1805 4978; baseline -0.002 -18"><span class='ocrx_word' id='word_1_316' title='bbox 390 4907 537 4973; x_wconf 84' lang='lat' dir='ltr'>opinetur,</span> <span class='ocrx_word' id='word_1_317' title='bbox 556 4906 761 4978; x_wconf 73' lang='lat' dir='ltr'>densumque</span> <span class='ocrx_word' id='word_1_318' title='bbox 779 4907 869 4964; x_wconf 85' lang='lat' dir='ltr'>credit</span> <span class='ocrx_word' id='word_1_319' title='bbox 887 4907 1058 4978; x_wconf 80' lang='lat' dir='ltr'>exquisitam</span> <span class='ocrx_word' id='word_1_320' title='bbox 1076 4918 1103 4963; x_wconf 87' lang='lat' dir='ltr'>et</span> <span class='ocrx_word' id='word_1_321' title='bbox 1122 4908 1207 4964; x_wconf 81' lang='lat' dir='ltr'>nimis</span> <span class='ocrx_word' id='word_1_322' title='bbox 1225 4914 1364 4973; x_wconf 79' lang='lat' dir='ltr'>orantem,</span> <span class='ocrx_word' id='word_1_323' title='bbox 1381 4923 1466 4977; x_wconf 76' lang='lat' dir='ltr'>quam</span> <span class='ocrx_word' id='word_1_324' title='bbox 1485 4905 1582 4964; x_wconf 87' lang='lat' dir='ltr'>rodem</span> <span class='ocrx_word' id='word_1_325' title='bbox 1600 4903 1694 4974; x_wconf 87' lang='lat' dir='ltr'>potios</span> <span class='ocrx_word' id='word_1_326' title='bbox 1715 4911 1744 4958; x_wconf 88' lang='lat' dir='ltr'>et</span> <span class='ocrx_word' id='word_1_327' title='bbox 1760 4903 1805 4958; x_wconf 90' lang='lat' dir='ltr'>io-</span> 
     </span>
     <span class='ocr_line' id='line_1_34' title="bbox 392 5013 758 5084; baseline 0.005 -18"><span class='ocrx_word' id='word_1_328' title='bbox 392 5019 532 5080; x_wconf 86' lang='lat' dir='ltr'>comptam</span> <span class='ocrx_word' id='word_1_329' title='bbox 550 5013 758 5084; x_wconf 76' lang='lat' dir='ltr'>appellaverim.</span> 
     </span>
    </p>
   </div>
   <div class='ocr_carea' id='block_1_10' title="bbox 1552 5127 1572 5188">
    <p class='ocr_par' dir='ltr' id='par_1_11' title="bbox 1552 5127 1572 5188">
     <span class='ocr_line' id='line_1_35' title="bbox 1552 5127 1572 5188; baseline 0 0"><span class='ocrx_word' id='word_1_330' title='bbox 1552 5127 1572 5188; x_wconf 83' lang='lat' dir='ltr'>a</span> 
     </span>
    </p>
   </div>
   <div class='ocr_carea' id='block_1_11' title="bbox 0 0 2410 6088">
    <p class='ocr_par' dir='ltr' id='par_1_12' title="bbox 0 0 2410 6088">
     <span class='ocr_line' id='line_1_36' title="bbox 0 0 2410 6088; baseline 0 0"><span class='ocrx_word' id='word_1_331' title='bbox 0 0 2410 6088; x_wconf 95' lang='lat' dir='ltr'> </span> 
     </span>
    </p>
   </div>
  </div>
 </body>
</html>
