4812 6092
928 715 1127 780 -l-

253 900 459 988 compositae
487 895 669 980 videamur,
710 895 876 982 posterior
902 893 996 980 illud,
1030 893 1121 981 quod
1147 893 1255 980 paicre
1276 892 1384 978 turpis
1406 890 1605 960 declaratum
1624 903 1691 976 cst,
1713 910 1810 979 quan

254 1025 469 1092 demonstrari
490 1021 649 1108 potuerit,
672 1019 816 1110 siugulis
834 1021 990 1110 opmiltus
1008 1017 1269 1108 contemplandis
1286 1015 1713 1104 anrnatnetnpunects
1734 1037 1809 1105 pro·

253 1148 354 1218 babit
405 1145 608 1214 Posterioris
637 1145 742 1232 partis
770 1157 839 1214 tres
859 1155 954 1216 munt
976 1146 1157 1230 sectiones,
1191 1163 1326 1232 quarum
1353 1141 1457 1230 prima
1484 1141 1587 1208 libros
1609 1141 1810 1230 llippccrrte

254 1273 467 1362 antiquiores,
499 1271 647 1340 mcunda
669 1271 834 1359 pmninos
862 1281 898 1338 et
925 1269 1095 1358 murales,
1124 1271 1219 1338 tertia
1247 1271 1393 1338 iuniores
1427 1279 1463 1336 et
1490 1267 1623 1356 spurios
1650 1264 1810 1334 mactabit.

255 1401 290 1466 ln
312 1401 420 1488 priore
442 1408 535 1485 parte
557 1395 601 1465 ab
623 1395 837 1484 Hippocratis
859 1407 967 1464 aetate
989 1393 1263 1483 proficiscendum
1286 1408 1367 1480 erat,
1400 1406 1515 1484 utpote
1537 1395 1568 1460 si
1589 1415 1659 1460 non
1678 1392 1810 1460 omnino

253 1534 352 1607 cena,
375 1533 486 1592 tamen
508 1523 646 1590 certiore
667 1541 766 1610 quun
787 1519 888 1590 ullius
909 1519 983 1590 libri
1004 1523 1159 1608 origines.

796 2250 987 2360 Pars
1033 2253 1252 2394 prior.

315 2410 564 2550 Librorum
600 2461 1028 2576 Hr'ppocrotr'cmm
1061 2464 1221 2550 classes
1254 2465 1477 2578 tempatis,
1511 2487 1597 2574 quo
1635 2471 1759 2544 ortae

655 2653 659 2662 ·
736 2639 855 2728 rent,
883 2631 1060 2715 ratione
1087 2627 1340 2743 dispositae.

343 2838 472 2926 Spretis
505 2851 653 2910 veterum
682 2853 717 2908 et
744 2842 962 2910 recentiorum
991 2841 1216 2929 opinionibus,
1246 2841 1387 2910 Linkius
1423 2861 1465 2907 ex
1493 2839 1578 2927 ipsis
1607 2837 1719 2920 libris,
1755 2837 1811 2922 qni

255 2963 469 3051 Hippocratis
491 2986 612 3034 nomen
635 2977 769 3053 genunt,
799 2967 884 3036 inter
904 2989 944 3035 se
966 2967 1098 3036 collatis
1122 2968 1304 3036 secundnm
1325 2968 1434 3035 varias
1462 2966 1631 3033 doctrinae
1654 2963 1812 3043 rationes,

256 3109 341 3174 quas
365 3099 566 3175 sequuntur,
596 3109 657 3156 sex
686 3093 859 3162 constituit
888 3091 1028 3160 classes.
1075 3089 1142 3180 Qui
1171 3091 1246 3158 liltri
1275 3093 1412 3158 eandm
1441 3092 1523 3158 artis
1551 3087 1722 3156 formulam
1757 3099 1814 3154 aut

255 3232 334 3298 prae
363 3233 402 3280 se
431 3211 558 3298 lerunt,
594 3226 653 3281 ant
680 3217 780 3282 tacite
809 3228 1012 3304 agnoscunt,
1041 3237 1103 3285 eos
1131 3239 1197 3286 una
1226 3217 1337 3284 classe
1360 3217 1547 3299 coniunxit,
1570 3215 1627 3302 qni
1649 3213 1813 3279 diversam

256 3348 452 3424 sequantur,
483 3337 643 3423 secrevit,
678 3341 807 3408 etiamsi
835 3339 944 3409 adhuc
966 3343 1080 3409 eadem
1103 3343 1316 3430 inscriptione
1338 3342 1477 3430 praediti
1498 3361 1598 3407 unum
1627 3360 1713 3426 opus
1743 3335 1813 3403 elli·

256 3463 356 3528 ciunt.
393 3463 509 3549 Neque
533 3465 689 3532 dietioms
711 3467 904 3533 varietatem
921 3465 1078 3553 neglexit,
1101 3469 1188 3536 unde
1206 3477 1387 3556 appareret,
1405 3467 1441 3533 in
1454 3467 1572 3556 ,eadem
1590 3465 1699 3532 classe
1711 3482 1813 3549 saepe

254 3585 395 3672 plurium
424 3599 592 3656 auctorum
616 3591 740 3679 scripta
762 3593 937 3660 recenseri.
989 3593 1026 3659 ln
1049 3595 1184 3680 primam
1207 3595 1350 3663 classem
1372 3591 1484 3668 retulit
1504 3590 1619 3674 libros,
1642 3590 1676 3655 in
1693 3587 1813 3674 qniltns

256 3711 328 3776 lilia
351 3725 385 3776 ct
403 3717 523 3798 pituita
544 3725 657 3801 partes
679 3717 880 3803 principales
895 3715 1067 3787 humorum
1089 3721 1123 3786 in
1146 3739 1284 3806 corpore
1304 3715 1447 3786 humano
1477 3713 1607 3784 efficere
1630 3714 1812 3782 creduntrrr.

255 3833 410 3904 Secunda
433 3837 554 3906 classis
577 3840 785 3928 amplectitur
811 3842 932 3926 libros,
961 3845 1018 3932 qui
1042 3845 1207 3932 duplicem
1230 3855 1378 3912 statuunt
1406 3845 1499 3908 Mirm
1517 3843 1633 3924 fiooorn
1655 3853 1688 3904 ct
1711 3852 1814 3904 otram

256 3963 365 4048 iisque
388 3964 512 4030 addunt
529 3972 681 4050 pituitam
691 3980 725 4032 et
741 3972 933 4052 compensetis,
949 3981 987 4036 ut
998 3982 1138 4058 quatuor
1154 3972 1357 4038 constituant
1372 3969 1497 4056 liquida
1515 3966 1663 4054 corporis
1679 3964 1813 4032 ltmnnni

256 4086 419 4154 clemente
442 4090 484 4154 ad
508 4090 606 4157 calidi
629 4105 664 4159 et
685 4091 813 4179 frigidi,
841 4090 968 4161 humidi
997 4105 1032 4160 et
1053 4097 1135 4162 sicci
1157 4097 1303 4164 rationes
1325 4095 1437 4162 relata„
1484 4092 1580 4180 Quae
1603 4100 1743 4178 quatuor
1763 4107 1814 4154 ra·

207 4243 211 4254 ·
255 4212 364 4278 tiones
386 4213 442 4279 rel
465 4213 640 4300 qualitates
670 4219 702 4286 si
724 4217 896 4286 Aristoteli
920 4219 1078 4306 originem
1101 4219 1220 4287 debere
1249 4221 1391 4308 ideoque
1413 4221 1553 4307 scripta,
1590 4217 1710 4306 quibus
1738 4235 1814 4303 pro·

255 4335 384 4418 duntur,
407 4337 589 4406 Aristotele
606 4341 733 4409 iuniore
743 4340 865 4408 Linkio
887 4343 961 4409 visa
984 4355 1073 4426 sunt,
1095 4364 1162 4411 non
1184 4365 1323 4430 possum
1344 4365 1412 4412 noo
1433 4365 1615 4432 repugnare
1637 4343 1716 4410 huic
1738 4362 1814 4409 sen·

255 4460 391 4543 tentiae,
415 4481 513 4548 quam
535 4474 605 4530 tota
628 4475 661 4531 et
683 4467 763 4532 artis
781 4467 928 4533 medicae
951 4479 985 4533 et
1007 4467 1239 4556 philosophiae
1261 4468 1399 4537 historia
1420 4469 1549 4538 refutat
1595 4469 1726 4536 Etenim
1746 4487 1815 4533 noo

254 4583 518 4672 Empedocles*)
549 4599 685 4671 tanturn,
715 4603 846 4659 centnm
867 4593 936 4659 lere
959 4595 1055 4662 annis
1078 4607 1154 4662 ante
1176 4595 1400 4681 Aristotelem,
1422 4607 1563 4685 quatuor
1583 4595 1813 4664 elementorum

254 4709 413 4776 rationem
437 4711 567 4794 docuit,
598 4733 682 4798 quae
712 4715 755 4780 ad
778 4715 845 4782 duo
866 4717 923 4784 illa
946 4722 1102 4805 opposita
1124 4719 1321 4806 resenmtur,
1352 4724 1413 4791 sed
1435 4746 1475 4791 ea
1497 4725 1571 4812 ipsa
1595 4724 1715 4790 diserte
1737 4735 1812 4803 pto·

326 4999 360 5066 ·)
396 4997 591 5070 Empedocles,
610 5001 692 5059 Aret.
710 5003 803 5060 Stura.
822 5022 850 5076 p.
870 5011 922 5066 139
939 5023 1016 5078 seqq.
