4812 6092
932 721 1152 788 ..ις-

262 906 396 974 Homine
424 905 545 972 dim
589 901 740 972 suoru
767 921 789 970 o
815 901 965 990 plurimi·
994 901 1118 972 criticis
1147 921 1208 989 pro
1230 903 1344 990 spurio
1366 911 1403 970 et
1423 904 1640 991 supposititio
1661 904 1821 992 lubitu,

262 1053 323 1122 per
343 1029 575 1120 Sprongeliuru
603 1049 684 1098 vero
703 1029 780 1116 ipsi
801 1027 996 1116 lllppomuti
1022 1027 1235 1113 ruderum,
1268 1049 1332 1096 nos
1354 1027 1566 1126 llippocntis
1588 1040 1697 1100 omme
1717 1033 1822 1102 multo

223 1146 226 1156 ’
262 1159 468 1246 superiorem
489 1168 591 1246 utque
613 1155 757 1224 omniunt
777 1153 933 1220 filtrorum
956 1153 1184 1239 superstitum,
1208 1155 1265 1243 qui
1287 1163 1409 1224 nortun
1430 1165 1566 1224 num
1586 1155 1749 1226 mm
1770 1179 1821 1226 η.

263 1285 386 1352 tionem
408 1281 624 1366 constituunt,
654 1281 920 1370 antiquissimum
940 1279 1135 1348 iudicemus.
1180 1279 1320 1347 Fontem
1342 1279 1376 1346 in
1400 1301 1442 1348 eo
1463 1283 1628 1368 reperisse
1649 1283 1748 1350 uoltis
1770 1284 1821 1352 vi·

260 1407 553 1476 dernurdoctriuue
565 1405 655 1474 illius
668 1405 819 1472 excultae
831 1403 1087 1474 deductionibus
1098 1405 1285 1474 morborum
1298 1407 1423 1491 musis,
1443 1429 1541 1496 quum
1558 1409 1601 1476 ult
1621 1408 1823 1496 Hippocrate

262 1553 336 1602 cunt
359 1533 480 1602 coloris
501 1531 605 1600 innoti
628 1531 755 1599 noune
778 1531 965 1620 copulatum
987 1543 1087 1620 utque
1109 1552 1151 1600 ex
1169 1531 1333 1618 Diogenis
1344 1531 1568 1618 Apolloniatis
1586 1543 1696 1601 mente
1713 1553 1822 1602 emen·

261 1657 371 1726 dotum
400 1658 599 1724 rrlritrumur.
644 1657 842 1724 Fluxionum
871 1658 958 1724 enim
985 1659 1075 1745 opud
1086 1656 1320 1746 Hippocratem
1342 1667 1409 1724 torn
1430 1655 1586 1748 frequens
1610 1671 1664 1728 est
1685 1660 1822 1744 mentio,

260 1795 439 1851 uteorum
467 1783 552 1850 rutio
579 1804 647 1850 non
676 1783 817 1870 abipso
841 1783 1039 1870 excogitata,
1074 1781 1137 1848 sed
1165 1803 1185 1848 τ
1214 1781 1439 1868 superioribus
1468 1785 1585 1852 trudito
1613 1799 1823 1874 agnoscetur.

261 1907 358 1976 Hunc
380 1906 498 1974 liltrurn
519 1927 587 1976 non
608 1907 722 1976 multis
745 1910 842 1976 ennio
864 1919 944 1995 post
965 1907 1200 1975 Alcmaeonem
1222 1925 1301 1974 esse
1322 1907 1480 1992 scripturn
1502 1909 1579 1978 inde
1600 1921 1703 1997 putet,
1734 1913 1824 2002 quod

261 2035 297 2102 in
327 2033 465 2100 oliorum
496 2034 669 2104 sententiis
699 2033 881 2101 roiutundis
912 2033 1003 2100 illins
1032 2033 1132 2100 etium
1159 2053 1228 2100 nou
1255 2032 1379 2100 mentio
1410 2033 1542 2120 quidem
1570 2031 1625 2117 lit,
1655 2037 1717 2104 sed
1739 2038 1822 2104 rutio

261 2157 409 2226 hebetur.
462 2157 501 2226 st
536 2159 611 2226 uliis
648 2161 747 2228 etium
776 2159 978 2248 obloquitur,
1013 2159 1254 2246 quaerendum,
1295 2159 1350 2248 qui
1380 2167 1456 2224 ento
1483 2157 1593 2244 ipsum
1622 2161 1823 2248 scripserint.

260 2282 407 2350 italicum
434 2285 635 2352 medicorum
664 2285 813 2352 scholam
846 2295 924 2352 unte
947 2281 1090 2352 Οοοοοιο
1112 2281 1267 2350 iloruisse
1290 2281 1478 2359 Herodotus
1486 2285 1518 2367 *)
1542 2285 1684 2353 tradidit.
1731 2285 1824 2375 Quin
1864 2281 1867 2290 “

260 2407 302 2472 ab
327 2425 369 2472 eo
392 2409 490 2475 etium
513 2407 589 2474 libri
612 2409 681 2479 sint
701 2409 851 2498 proiecti,
875 2431 917 2476 eo
939 2411 1048 2478 minus
1072 2420 1127 2478 est
1148 2409 1372 2492 dubitantium,
1395 2410 1484 2495 quod
1506 2419 1675 2476 unctorum
1691 2413 1824 2482 nomino

261 2544 450 2620 supersunt.
496 2533 551 2600 An
573 2533 745 2600 Elotlrules
769 2535 955 2622 scripserit,
978 2535 1167 2620 nescimus,
1196 2557 1306 2627 neque
1329 2535 1409 2626 quid
1432 2536 1474 2601 de
1495 2534 1579 2601 lilrro
1603 2535 1676 2604 eius
1692 2540 1825 2608 nomine

259 2658 430 2744 insignito,
455 2679 554 2748 quent
576 2657 787 2748 Pythagoreo
810 2661 1052 2745 monebunt,**)
1076 2661 1298 2745 iudicandum,
1321 2663 1384 2730 sed
1404 2660 1697 2746 Metrodorum*'‘*)
1721 2687 1823 2752 queu-

261 2783 337 2852 dom
359 2794 393 2851 et
414 2784 580 2852 Aorouem
601 2785 814 2872 Empedoclis
836 2787 1076 2870 adversarium,
1105 2789 1205 2854 sicuti
1227 2787 1481 2870 Alcmaeonem,
1508 2785 1632 2854 Dorice
1649 2787 1698 2854 le
1718 2789 1824 2856 Medi·

262 2911 337 2980 oinu
360 2912 540 2999 scripsisse
568 2914 720 2980 traditum
742 2913 989 3000 rccepirnus.†)
1037 2912 1110 2980 Uno
1135 2913 1281 2981 alterove
1304 2935 1416 2980 eornm
1438 2933 1536 2980 usum
1558 2931 1636 2979 esse
1658 2922 1825 2980 auctorem

264 3035 343 3098 libra·
362 3037 403 3097 de
425 3037 523 3102 Locri
545 3041 577 3102 rit
594 3037 738 3116 Horrore,
759 3037 918 3126 loquendi
939 3059 1046 3124 genus
1069 3039 1215 3105 ostendit
1237 3049 1337 3126 utque
1360 3035 1533 3121 dialectos,
1557 3036 1670 3103 lonico
1682 3037 1824 3126 quidem,

263 3159 325 3226 sed
336 3157 503 3228 Dorismis
526 3163 572 3228 itu
596 3173 787 3249 temperato,
809 3173 846 3228 ut
868 3163 903 3228 in
925 3158 1099 3228 vocubulis
1123 3160 1327 3229 declinandis
1339 3163 1484 3229 lonicum
1505 3162 1644 3228 retineri
1654 3162 1824 3248 rationem,
1842 3231 1847 3242 ,

264 3283 296 3350 in
325 3283 436 3352 verbis
465 3304 544 3351 vcro
574 3285 749 3372 iungendis
776 3287 989 3354 Doriensium
1018 3297 1175 3373 sequntur
1202 3307 1319 3369 usum,
1354 3287 1389 3350 in
1418 3284 1653 3353 vocabulorum
1681 3285 1824 3374 denique

267 3407 401 3476 delectu
419 3421 591 3500 utrumque
614 3411 790 3480 dialectum
810 3413 989 3480 miscuerit.
1035 3412 1152 3501 Neque
1174 3410 1344 3478 indefinito
1366 3411 1527 3500 quaedum
1549 3409 1671 3478 indolis
1683 3409 1826 3480 Doricae

265 3537 400 3622 specics
424 3547 584 3623 ouptutnr,
607 3539 669 3604 sed
692 3537 827 3606 Siculus
851 3549 885 3606 et
906 3537 1042 3606 ltolicus
1064 3559 1149 3606 usus
1173 3539 1376 3622 oltservutur,
1400 3539 1454 3604 cui
1476 3537 1561 3604 odeo
1583 3535 1702 3604 Lutinr
1724 3557 1824 3606 vocu-

343 3879 371 3948 ')
407 3875 464 3934 111.
488 3883 546 3934 131.
566 3879 612 3936 cl.
629 3879 776 3950 Sprougei
795 3881 899 3940 Gemit.
918 3881 969 3938 dor
986 3879 1065 3938 olet.
1084 3879 1150 3938 Vol.
1163 3879 1187 3936 l.
1205 3883 1233 3936 ³.
1250 3885 1278 3936 2.
1298 3881 1365 3948 §.³1
1378 3881 1469 3948 poto
1487 3892 1547 3949 sqq.
1566 3891 1735 3948 quemquem
1752 3894 1825 3950 quoe

407 3983 447 4039 ibi
472 3987 509 4042 de
534 3985 691 4044 modiolum
709 3989 864 4046 croteriouo
882 3995 911 4046 et
928 3989 1089 4046 exoteriooe
1106 3987 1266 4046 discrimine
1284 3992 1314 4042 et
1330 3986 1493 4056 posterioris
1510 3983 1618 4056 origiue
1634 3983 1824 4056 mustus,

406 4093 481 4150 omui
500 4093 555 4150 ode
573 4101 680 4150 curent
717 4095 837 4153 Grotius
863 4095 976 4168 quiden
1000 4098 1037 4154 do
1062 4097 1162 4154 eudem
1187 4111 1218 4152 re
1235 4093 1391 4166 disputarit
1409 4091 1522 4150 lleckor
1541 4091 1565 4148 1.
1585 4094 1738 4164 §impoli
1753 4109 1824 4166 sqq,

407 4217 499 4274 neque
517 4208 611 4258 tumeo
629 4203 655 4258 lo
673 4205 787 4262 omuino
803 4219 879 4261 vero.
915 4204 960 4261 cl.
980 4203 1065 4260 Unus
1083 4220 1112 4274 p.
1130 4207 1175 4260 ω.

328 4347 372 4417 ··)
409 4345 494 4416 ntor.
512 4345 607 4403 uon.
626 4345 712 4402 vnn
730 4351 758 4402 r.

307 4491 370 4560 ιιι)
405 4489 512 4560 qum
530 4505 558 4560 ρ,
576 4493 622 4546 oo.
659 4488 793 4546 Welcker
811 4506 839 4560 p.
858 4435 922 4546 toi.

337 4645 366 4710 τ)
404 4641 485 4698 8⁰5⁶·
508 4657 533 4699 Ι·
553 4641 581 4697 h·
601 4659 627 4699 t·
656 4633 783 4722 Ἄκρον,
799 4633 1030 4724 Ἀκραγαντῖνος
1056 4627 1160 4722 ἰατρὸς
1188 4627 1255 4710 υἱὸς
1281 4625 1431 4710 Ξὲνωνος,
1456 4633 1671 4712 ἐοοφίστευσεν
1695 4629 1733 4698 ἓν
1758 4641 1826 4708 tole

412 4753 559 4845 Ἀθήναις
588 4751 653 4844 ἅμα
669 4759 876 4846 Ἐμπεδοκλεῖ.
912 4757 1017 4828 Ἔστιν
1044 4749 1100 4828 οὖν
1120 4753 1321 4848 πριςβύτορος
1343 4750 1588 4846 Ἱπποκράτους,
1611 4749 1732 4840 ἔγραψε
1753 4755 1825 4840 oroi

412 4883 676 4971 &10¹8thth
698 4879 862 4972 διαλέκτῳ,
881 4889 952 4974 περὶ
972 4887 1088 4972 stopie
1109 4885 1247 4972 ὑγιεινῶν
1265 4883 1388 4974 βιβλίον
1408 4879 1440 4952 ά.
1495 4891 1691 4946 Αιιιιιιοοιιιοι
1723 4885 1827 4943 Duum

415 5009 570 5080 scriptione.
589 5009 708 5081 primum
725 5010 911 5082 fragmentum
930 5012 1061 5070 ostendit.
