4812 6092
928 743 1141 806 ..25-

342 905 396 973 De
409 903 528 972 ceteris
539 901 644 984 libris,
668 921 766 990 quos,
789 921 862 968 cum
881 904 1018 968 eandem
1037 904 1216 970 docuinam
1228 904 1427 986 contineant,
1450 905 1649 992 adquiutam
1660 904 1801 974 dmm

257 1029 366 1114 retuli,
389 1032 424 1096 in
446 1039 537 1096 tauta
559 1040 593 1094 et
616 1039 762 1096 veterum
784 1039 818 1094 et
839 1029 1053 1094 recentiorum
1077 1030 1260 1096 criticomm
1278 1029 1496 1114 discrepantia
1511 1029 1739 1104 difficillimum
1750 1043 1802 1098 est

257 1155 412 1222 iudicatu
458 1157 543 1222 Prae
567 1155 686 1222 ceteris
709 1135 870 1239 genuinus
892 1155 1021 1221 videtur
1043 1157 1084 1218 de
1104 1156 1218 1221 Morbo
1239 1157 1339 1220 Sucro
1362 1157 1453 1233 liter,
1475 1157 1531 1241 qui
1554 1167 1587 1222 et
1604 1175 1753 1222 sermone
1770 1169 1802 1222 et

256 1281 405 1348 doctriua
427 1284 574 1368 proxime
597 1280 726 1346 accedit
747 1279 789 1344 ad
810 1277 912 1346 libros
943 1281 983 1342 de
1004 1280 1090 1344 Aere
1111 1281 1218 1364 ῑοοὺ,
1248 1295 1280 1344 ct
1302 1282 1400 1366 Aqur'r
1422 1293 1523 1368 atque
1546 1283 1586 1344 de
1615 1281 1703 1346 Victa
1724 1281 1801 1344 Aca

255 1417 367 1470 eonon.
412 1407 528 1492 Neque
560 1407 732 1493 quisquam
759 1413 905 1470 veterum
927 1403 969 1468 de
991 1403 1134 1487 genuina
1163 1409 1235 1474 eius
1257 1407 1384 1492 origine
1408 1405 1566 1472 dubitavit
1587 1417 1715 1490 praeter
1737 1405 1802 1472 Ga·

254 1529 377 1614 lenum,
400 1532 457 1616 qui
481 1532 515 1596 iu
537 1530 628 1596 libris
652 1529 782 1614 quidem
811 1525 1042 1614 superstitibus
1072 1547 1232 1614 nusquam
1260 1533 1403 1598 auctoris
1430 1551 1549 1597 nomen
1578 1531 1718 1612 addidit,
1748 1551 1804 1597 co·

262 1657 392 1722 dicibus
421 1667 530 1722 autem
559 1655 658 1720 buius
688 1653 760 1719 libri
788 1654 1019 1740 manuscriptis
1048 1651 1131 1720 baec
1160 1655 1299 1720 addendi
1330 1655 1458 1740 copiam
1486 1655 1582 1720 fecit:
1623 1651 1659 1720 οὗ
1683 1649 1806 1739 γνήσιον

260 1775 496 1866 Ἱπποκράτους,
517 1773 677 1862 ἀξιολόγου
700 1777 733 1842 δὲ
753 1772 875 1864 ἀνδρὸς,
887 1778 979 1862 φησὶν
999 1769 1177 1860 istricatis,
1191 1779 1244 1842 καὶ
1257 1769 1334 1842 κατὰ
1346 1773 1402 1864 τὴν
1416 1781 1575 1864 ἑρμηνείαν
1591 1781 1644 1844 καὶ
1660 1772 1739 1844 norb
1751 1774 1807 1865 τὴν

257 1893 410 1978 διάνοιαν,
426 1892 647 1985 llunorrpolronr
667 1898 700 1964 δὲ
721 1894 811 1961 οὐδὲν
830 1897 862 1960 ἐν
883 1894 967 1978 αὐτῷ
987 1889 1058 1960 οὔτε
1078 1889 1157 1962 κατὰ
1175 1889 1230 1960 τὸν
1249 1891 1361 1982 τρόπον
1381 1896 1434 1982 τῆς
1454 1900 1620 1984 ἑρμηνείας,
1640 1893 1709 1965 οὔτε
1728 1893 1806 1964 ruric

257 2014 291 2085 rb
313 2022 369 2098 τῆς
390 2017 527 2093 διανοίας
546 2015 677 2104 ἀκριβές.
718 2014 937 2082 Nihilominus
959 2013 1111 2082 Dietzius
1135 2018 1176 2082 ab
1199 2018 1273 2103 ipso
1292 2017 1492 2103 Hippocrate
1511 2017 1627 2083 libmm
1644 2039 1806 2105 essepro-
1836 2063 1840 2072 ·

258 2146 379 2212 lectum
402 2145 624 2210 demonstrare
647 2167 749 2212 ausus
774 2153 827 2209 est
855 2144 888 2206 iu
918 2141 1084 2225 editione,
1108 2163 1192 2228 quae
1214 2145 1334 2230 prodiit
1363 2143 1455 2233 Lips.
1483 2145 1577 2208 leat.
1600 2167 1633 2230 p.
1657 2143 1699 2206 78
1724 2161 1807 2227 sqq,

259 2271 311 2334 oui
336 2269 469 2334 omnino
493 2269 680 2334 assentiens
710 2291 777 2334 non
805 2287 944 2361 possum
972 2288 1040 2332 uon
1061 2289 1205 2350 monere,
1236 2269 1325 2354 quod
1349 2269 1389 2333 de
1413 2269 1579 2336 doctrinae
1602 2269 1728 2334 ratione
1752 2286 1807 2330 ex-

258 2391 347 2462 culta
369 2405 468 2479 atque
494 2405 618 2460 mutata
641 2395 894 2481 disputavimus,
918 2393 952 2458 id
974 2414 1039 2459 non
1062 2395 1169 2460 minus
1199 2396 1241 2460 ad
1266 2395 1442 2460 dictionem
1465 2392 1671 2478 pertinere,'³‘)
1701 2411 1808 2479 neque

252 2517 388 2583 omnino
424 2539 537 2584 verum
573 2539 670 2601 esse,
706 2521 797 2604 quod
825 2519 927 2584 critici
956 2519 1167 2604 exposuerint
1197 2521 1237 2585 de
1260 2519 1338 2584 eius
1369 2519 1546 2600 brevitate,
1590 2516 1808 2584 concinnitate

258 2653 356 2729 atque
371 2613 529 2728 sing‘ulari
541 2643 704 2710 sennouis
716 2642 871 2729 pondere.
906 2642 1122 2728 Progressum
1140 2645 1239 2710 etiam
1260 2647 1294 2710 in
1312 2641 1476 2710 scribendi
1493 2642 1648 2708 facultate
1667 2651 1700 2706 et
1718 2661 1809 2728 exer·
1881 2685 1894 2718 .

257 2767 444 2834 citationem
464 2769 622 2853 optimum
641 2768 770 2834 dicendi
788 2769 977 2854 magistrruu
996 2769 1027 2835 si
1045 2771 1219 2856 agnoveris
1242 2771 1276 2836 in
1299 2769 1525 2856 comparandis
1547 2767 1650 2848 libris,
1674 2787 1757 2852 quae
1769 2765 1811 2830 ad

255 2892 411 2978 temporis
446 2893 604 2958 rationem
634 2893 698 2958 iam
727 2892 969 2978 disposuimus,
1003 2911 1111 2982 neque
1141 2895 1316 2978 dubitabis,
1353 2893 1463 2958 libr-rma
1492 2895 1531 2954 de
1560 2891 1675 2954 Morbo
1710 2889 1811 2953 Sacro

258 3017 430 3101 copiosius
454 3018 611 3101 scriptum
632 3027 711 3100 post
734 3037 859 3100 omnes,
883 3038 969 3101 quos
991 3019 1231 3100 recensuimus,
1261 3041 1338 3086 esse
1362 3021 1494 3085 editum.

346 3175 399 3240 Ab
436 3174 551 3240 eadem
579 3176 704 3240 ratione
742 3187 775 3240 et
804 3177 988 3242 disserendi
1019 3189 1052 3242 et
1079 3177 1234 3265 loquendi
1263 3201 1330 3246 non
1359 3178 1473 3265 procul
1502 3177 1596 3242 abest
1625 3177 1665 3238 de
1691 3175 1812 3238 Morbis

259 3299 338 3362 liber
362 3303 500 3382 panae,
531 3319 726 3388 quamquam
755 3300 785 3364 si
815 3313 867 3366 est
890 3299 1121 3387 Hippocratis,
1151 3305 1242 3410 pfius
1265 3306 1408 3390 scriptus
1432 3305 1478 3369 sit
1500 3312 1630 3388 oportet
1653 3321 1750 3388 quara
1772 3303 1813 3364 de

261 3424 489 3488 MordoSacro
512 3423 657 3506 latratu)
692 3395 771 3490 ‘Sed
793 3447 836 3492 ne
861 3447 957 3520 turem
980 3428 1013 3491 in
1037 3447 1162 3493 errores
1186 3429 1347 3512 inducam,
1371 3431 1512 3516 'urgenue
1536 3425 1704 3509 confiteor,
1727 3427 1814 3491 bunc

259 3551 375 3617 librum
404 3550 588 3616 accuratius
617 3549 795 3616 exaurinari
825 3561 923 3634 atoue
953 3552 1100 3638 indagari
1124 3555 1346 3620 necessarium
1376 3575 1462 3620 esse.
1509 3552 1633 3618 Similis
1657 3564 1711 3617 est
1731 3552 1812 3616 ratio

261 3675 336 3736 libri
360 3677 488 3738 renardi
514 3675 773 3756 Praedictorrrm,
804 3676 950 3740 libramen
979 3679 1019 3740 de
1055 3677 1144 3740 Victa
1173 3678 1302 3742 Salubri
1330 3691 1363 3744 et
1391 3681 1432 3744 dc
1459 3677 1700 3760 Affectionibrn,
1730 3697 1813 3763 quos

263 3799 394 3885 quidem
427 3821 494 3866 nou
518 3799 728 3886 Hippocratis
763 3821 841 3867 esse
877 3801 999 3867 certius
1029 3801 1275 3888 affirmaverim,
1311 3825 1384 3870 cum
1418 3803 1601 3869 disserendi
1634 3801 1759 3866 ratione
1783 3810 1815 3863 et

263 3924 406 3988 dictione
434 3924 583 3990 nonnihil
613 3925 776 4009 differant,
807 3947 1002 4016 quamquam
1032 3949 1072 3993 ea
1103 3929 1293 3995 obserantur
1315 3893 1514 4011 similitudo,
1546 3947 1629 4016 quae
1653 3945 1713 3991 eos
1736 3935 1815 3989 teur-

263 4049 341 4134 pori'
358 4048 436 4113 belli
455 4048 732 4136 Peloponnesiaci
754 4051 809 4116 vel
831 4056 929 4118 aetati
952 4051 1098 4138 paullum
1121 4052 1263 4118 inferiori
1285 4051 1438 4117 vindicet.
1486 4051 1580 4136 Quae
1605 4050 1735 4137 quidem
1758 4048 1816 4114 ob·

264 4175 406 4238 servatio
431 4172 607 4240 albucatur
629 4197 689 4258 eo,
713 4177 803 4264 quod
825 4180 865 4242 de
887 4179 1111 4258 Affectionibor
1134 4179 1213 4242 liber
1236 4177 1357 4242 diserte
1380 4177 1527 4244 tribuitur
1548 4173 1677 4262 Polybo
1701 4171 1816 4239 Galen·

266 4297 356 4365 Corn.
380 4301 413 4363 in
436 4299 561 4386 Apbor.
583 4301 606 4366 l.
629 4301 686 4368 Vl.
715 4305 742 4366 l.
771 4324 804 4387 p.
829 4303 860 4367 8.
883 4300 981 4370 Kiibn
1003 4302 1124 4394 Xlllll.
1153 4304 1179 4366 l.
1226 4301 1262 4372 ln
1293 4301 1463 4368 codicibus
1493 4301 1591 4368 etiam
1609 4269 1818 4382 ¹adscriptum

265 4436 335 4488 est:
372 4425 463 4490 τοῦτο
494 4424 527 4489 di
553 4423 569 4490 ὁ
599 4419 744 4512 Γαληνὸς
771 4428 826 4491 τοῦ
849 4421 995 4512 Πολύβου
1024 4425 1104 4511 λέγει
1130 4424 1220 4492 εἶναι.
1275 4426 1324 4494 Gi.
1355 4425 1446 4492 Com.
1471 4425 1509 4490 H.
1539 4446 1566 4490 s.
1590 4423 1633 4486 38
1656 4422 1697 4486 de
1718 4419 1820 4486 victu

266 4549 363 4614 Acut.
386 4571 419 4634 p.
444 4549 519 4614 58¹1.
543 4549 641 4616 lliibn
664 4551 739 4616 XV.
763 4553 993 4664 Libnrmyero
1018 4555 1058 4615 de
1086 4553 1175 4616 Victa
1197 4553 1327 4616 Sudrdri
1354 4573 1374 4616 a
1397 4548 1526 4636 Polybo
1550 4547 1707 4632 scriptum
1731 4565 1818 4622 esse,

343 4895 379 4964 ⁶)
415 4895 516 4952 ouen.
535 4896 614 4952 com.
631 4899 661 4952 iu
680 4898 729 4954 lib.
747 4898 785 4954 V.
807 4897 934 4967 ΛΡΜ.
971 4915 1035 4968 Μ.
1056 4903 1117 4956 877.
1138 4899 1236 4954 lilibu.
1255 4897 1356 4954 XVII.
1374 4903 1401 4954 2.

212 5055 215 5062 ·
330 5023 383 5092 ⁶⁹)
421 5027 538 5084 dtbeulr
556 5029 657 5084 librum
677 5046 740 5086 rme
758 5028 903 5102 scriptum,
921 5031 1058 5088 mensium
1077 5031 1149 5091 ratio
1166 5033 1257 5088 docet.
1277 5048 1304 5101 p.
1323 5034 1384 5085 ⁴⁴⁸·
