4812 6092
930 719 1151 785 ..1⁶-

256 921 342 992 quae
365 902 407 968 ab
430 903 506 987 ipso
526 897 677 985 probor·
699 899 782 980 rint,
810 895 943 968 facilius
966 899 1209 979 discernemur,
1234 915 1319 983 qnae
1342 898 1410 970 eim
1431 899 1633 985 antiquiora,
1656 921 1741 987 quae
1764 905 1813 970 iu·

257 1031 360 1098 uiora.
407 1025 618 1112 Hippocratis
640 1045 720 1092 vero
748 1033 844 1091 eamr
865 1024 983 1092 iniuria
1004 1023 1113 1096 adbuc
1135 1024 1218 1093 sutis
1248 1022 1380 1092 definita
1403 1033 1501 1110 atque
1524 1035 1613 1094 certa
1635 1025 1813 1096 videbamr.

256 1155 449 1242 Sequuntur
468 1151 617 1238 plerique
638 1171 754 1220 omues
777 1153 844 1214 eno
864 1154 963 1216 rom
984 1151 1103 1220 Serum
1128 1150 1261 1218 nomine
1290 1149 1388 1218 uobis
1411 1161 1591 1226 semmam,
1612 1153 1647 1218 iu
1670 1171 1735 1236 qen
1757 1173 1814 1222 ex·

260 1291 328 1348 nt
350 1279 418 1366 (ed.
441 1277 542 1344 noos.
563 1299 598 1362 p.
625 1277 708 1342 lton
733 1275 837 1362 tiu.*):
869 1268 947 1342 κατὰ
976 1273 1010 1342 di
1030 1270 1103 1352 τοὺς
1124 1267 1436 1360 Πελοποννησιακοὺς
1455 1268 1572 1360 ἤκμασε
1591 1271 1728 1361 χρόνους,
1747 1303 1816 1360 yer-

258 1405 379 1489 νηθείς,
399 1393 440 1479 ὥς
460 1395 734 1488 pporr‘lotdprnzoc
753 1401 841 1484 ἐντῷ
860 1401 970 1485 πρῶτα)
992 1398 1063 1482 περὶ
1082 1389 1137 1476 τὴς
1154 1390 1379 1478 Ἱπποκράτους
1400 1398 1555 1480 αἱρέσεως,
1575 1390 1654 1462 κατὰ
1677 1393 1711 1464 τὸ
1732 1399 1815 1483 πρῶ-

256 1547 313 1593 zor
339 1525 407 1596 icoc
433 1523 489 1601 arie
516 1519 719 1606 ὀγδοηκοστῆς
743 1512 964 1602 ’otmorddoo
991 1515 1032 1594 ὡς
1059 1513 1093 1582 ii
1120 1509 1265 1602 Σωρανὸς
1293 1513 1309 1582 ὅ
1337 1518 1428 1590 Κῶθς
1457 1509 1623 1602 mentione
1644 1508 1682 1582 τὰ
1705 1519 1739 1598 it
1759 1518 1815 1600 Κῷ

257 1639 568 1728 marcovicum
594 1643 791 1726 πρπςτίθηπι,
816 1639 1039 1726 memoriosae
1055 1629 1210 1724 Ἀβριάόα,
1228 1629 1324 1722 μηνὸς
1341 1613 1499 1720 Ἀγριανοῦ
1520 1637 1591 1729 ἕκτῇ
1611 1637 1664 1705 xci
1684 1636 1817 1727 eixoprp'p,

256 1760 329 1848 opop'
354 1757 446 1830 ‘dxci
465 1759 612 1844 ἕνᾳγίζπν
631 1763 665 1844 ip
684 1757 764 1854 ,αὐτῇ
783 1762 868 1846 μέχρι
886 1762 944 1824 mir
961 1749 1156 1842 Ἱπποκράτει
1177 1757 1253 1841 φησί
1273 1747 1345 1830 τοὺς
1366 1747 1486 1829 Koiooc.
1532 1755 1692 1825 Codicum
1714 1753 1816 1820 lectio

260 1883 292 1955 si
314 1882 441 1966 integra
464 1869 526 1962 est,
550 1880 785 1967 acomadmem
806 1879 956 1963 uotidam
977 1878 1033 1944 vix
1055 1875 1254 1962 flagitamus.
1300 1875 1368 1947 Sed
1391 1897 1475 1965 quae
1499 1882 1532 1950 iu
1558 1883 1710 1946 Oratione
1726 1881 1815 1944 Ther-

242 2010 323 2091 ·reli
345 2010 447 2092 &pati
475 2005 541 2092 (ed.
565 2006 664 2092 Foco.
686 2028 720 2094 p.
748 2005 848 2088 loos)
877 2013 1062 2088 nouantur,
1092 2001 1261 2070 aSorano
1292 2002 1495 2090 discrepant3
1531 2027 1572 2072 ex
1602 2007 1700 2074 buius
1731 2007 1817 2072 enim

258 2133 380 2204 notitia
402 2131 508 2218 pestis
530 2129 745 2203 Atheniensis
768 2141 913 2214 tempore
936 2149 1057 2197 annum
1079 2127 1197 2195 aetatis
1221 2128 1419 2195 tricesimum
1441 2133 1569 2202 tertium
1592 2153 1658 2200 non
1682 2151 1815 2218 supera·

260 2256 323 2335 vit:
347 2255 399 2322 sin
418 2265 526 2324 autern
538 2255 734 2342 Thessalus,
756 2255 812 2322 vel
834 2255 889 2342 qui
912 2252 1006 2320 fiuxit
1024 2253 1203 2320 orationem
1227 2253 1257 2316 ei
1276 2253 1484 2339 adscriptam,
1508 2257 1550 2322 de
1573 2267 1683 2324 aetate
1704 2275 1816 2325 venun

261 2381 435 2448 memoriae
456 2382 617 2466 prodidit,
653 2392 721 2446 turn
750 2403 816 2446 non
844 2379 942 2446 modo
972 2377 1039 2443 tilia
1068 2379 1132 2444 iam
1161 2377 1291 2463 Polybo
1314 2389 1434 2466 nupta,
1472 2382 1531 2447 sed
1560 2392 1697 2467 uterque
1727 2379 1816 2444 tilius

260 2505 391 2574 adultus
413 2516 500 2586 erat,
524 2519 560 2570 ut
582 2515 716 2590 epatre
738 2505 915 2570 mitteretur
938 2503 979 2569 ad
1002 2514 1103 2570 artem
1127 2503 1350 2568 exercendam.
1384 2503 1523 2570 Etiamsi
1547 2510 1719 2569 orationem
1738 2525 1816 2589 sup·

260 2633 443 2718 posititiam
466 2629 637 2714 babemus,
661 2641 769 2695 tamen
791 2629 834 2694 ad
856 2627 1003 2694 veritatis
1027 2637 1094 2692 tum
1118 2627 1270 2717 cognitae
1294 2629 1440 2712 speciem
1464 2641 1571 2696 aetate
1594 2629 1816 2696 Alexandrina

259 2776 337 2822 esse
366 2753 510 2822 effictam
538 2775 700 2840 ponamus
723 2763 870 2838 oportet3
906 2751 1026 2817 etenim
1055 2749 1202 2816 Hrotiani
1225 2749 1336 2816 tabule
1366 2735 1561 2838 scriptorum
1590 2756 1816 2839 genuinorum,

261 2903 346 2969 quae
369 2903 442 2948 eam
460 2867 623 2967 agnoscit,
647 2878 712 2944 etsi
735 2879 811 2943 inde
833 2899 939 2964 usque
962 2898 1028 2942 nou
1052 2879 1239 2962 repetenda,
1263 2887 1383 2960 tamen,
1409 2900 1483 2944 cum
1508 2879 1630 2966 scripta
1653 2891 1818 2944 enumeret

262 3011 354 3090 ougo
376 3028 434 3092 pro
458 3007 610 3090 genuinis
633 3003 757 3084 babita,
781 3002 921 3088 quaein
945 3023 984 3067 ea
1006 3003 1195 3087 produntur,
1219 3013 1297 3087 post
1320 3014 1459 3070 aetatem
1476 3003 1730 3072 Alexandrinam
1741 3003 1818 3072 ficta

263 3149 352 3210 esse,
375 3150 441 3193 non
465 3129 618 3213 credibile
641 3143 703 3194 est.
738 3127 888 3209 Accedit,
911 3127 1000 3214 quod
1021 3142 1149 3191 serrator
1170 3129 1368 3192 Atheniensis
1384 3133 1553 3194 consulam
1578 3131 1612 3196 in
1635 3132 1816 3218 Hippocra-

262 3255 306 3318 tis
328 3251 485 3319 honorem
507 3253 645 3334 sactum,
680 3274 745 3337 quo
767 3253 903 3337 respicit
926 3251 1047 3334 oratio,
1078 3251 1111 3316 in
1136 3251 1270 3318 Catonis
1294 3255 1425 3340 quidem
1446 3255 1636 3342 majonsm)
1666 3255 1816 3321 notitiam

262 3391 405 3446 venerat.
451 3377 516 3446 Pro
540 3378 693 3465 genuinis
715 3399 793 3444 vero
817 3376 899 3443 baec
922 3378 1118 3442 documenta
1141 3390 1277 3464 accepta
1299 3402 1366 3445 non
1390 3393 1520 3463 essent,
1551 3383 1580 3445 si
1604 3381 1816 3468 Hippocratis

264 3503 361 3572 rebus
384 3491 516 3570 aliunde
539 3503 627 3569 notis
650 3513 900 3589 repugnassent.
935 3501 1026 3568 Nihil
1046 3501 1125 3568 buic
1148 3504 1362 3590 disputationi
1386 3507 1610 3590 tribueremus,
1634 3509 1699 3574 nisi
1723 3507 1815 3572 chro-

263 3628 506 3715 nographorum
528 3628 706 3695 auctoritas
730 3629 875 3695 omnium
897 3631 1085 3712 accederet,
1109 3632 1165 3716 qui
1187 3629 1421 3716 Hippocratem
1443 3635 1533 3718 prius
1556 3646 1668 3700 natum
1691 3633 1816 3719 signifi-

263 3766 351 3837 cant,
374 3775 472 3840 quam
494 3751 651 3820 Soranus.
695 3753 746 3821 Ne
769 3756 810 3821 de
835 3755 972 3840 Georqio
996 3753 1138 3820 Cedreno
1161 3757 1336 3840 disputem,
1360 3757 1416 3843 qui
1438 3757 1522 3822 Hire.
1537 3755 1643 3842 Comp.
1667 3761 1719 3825 ed.
1737 3757 1816 3824 Bae.

262 3903 296 3966 p.
332 3873 393 3943 no
430 3899 504 3946 eum
536 3877 639 3945 Dario
675 3877 854 3966 Hystaspis
888 3891 1044 3966 regnante
1084 3881 1332 3967 percrebescere
1367 3884 1571 3970 (tyropttoro)
1600 3881 1698 3963 iacit,
1733 3900 1817 3946 neve

265 4003 403 4087 Georqio
425 4005 572 4091 Synoello
592 4005 726 4070 nimium
748 4005 887 4071 tribuere
915 4005 1045 4086 videar,
1075 4006 1131 4091 qui
1156 4001 1325 4088 Cbrooopr.
1349 4009 1400 4074 ed.
1424 4009 1497 4074 Par.
1520 4031 1554 4093 p.
1580 4007 1644 4070 248
1667 4007 1720 4072 bis
1744 4007 1816 4072 eius

239 4130 461 4194 mentionem
491 4129 617 4196 faciens
639 4131 743 4215 primo
766 4129 973 4215 componit,
1003 4149 1078 4194 cum
1106 4129 1231 4196 Romae
1260 4127 1368 4196 Rufus
1397 4130 1527 4198 Lartius
1558 4131 1697 4198 dictator
1725 4141 1818 4196 esset

265 4255 361 4339 (498)
386 4264 484 4339 atque
506 4253 670 4320 Aristides
694 4255 727 4319 in
750 4253 883 4320 exilium
906 4255 966 4320 iret
989 4255 1097 4338 (rot),
1121 4255 1236 4320 iterum
1247 4255 1643 4342 Artaremebongimano
1662 4243 1818 4343 regnarite

335 4541 371 4610 ‘i
408 4541 442 4596 Iu
461 4541 529 4598 tocie
550 4540 731 4611 Hippocratis
747 4541 937 4612 rignibcaudir
950 4541 1043 4598 Porcii
1061 4541 1185 4600 editione
1203 4557 1272 4602 uror
1288 4559 1351 4600 rum
1369 4546 1435 4602 anni
1456 4549 1535 4612 16⁶⁷,
1554 4547 1744 4603 mundonem
1763 4559 1814 4598 eo-

408 4655 467 4704 tem
485 4647 599 4704 adhibui
619 4647 810 4706 deuieuam.

319 4755 372 4824 ⁶¹)
407 4754 552 4810 Plutarch.
563 4755 635 4810 Cato
647 4754 712 4808 mei.
723 4761 800 4812 0.ae
822 4757 858 4813 ct.
869 4756 1117 4826 SprengetGercb.
1132 4758 1160 4814 d.
1173 4757 1215 4813 H.
1233 4756 1298 4812 vc.
1308 4758 1343 4826 1,
1361 4763 1424 4815 2⁷.
1440 4765 1500 4816 llo.
1520 4777 1548 4831 p.
1561 4765 1625 4818 267.
1653 4761 1735 4824 Quae
1745 4755 1817 4810 Cato

408 4861 621 4928 dixirretertur,
638 4863 705 4917 mibi
722 4861 836 4933 quidem
854 4861 946 4919 minna
964 4863 1001 4920 ed
1019 4863 1160 4934 Epirtolar
1178 4864 1316 4935 perticere
1333 4865 1473 4934 ridentur,
1491 4883 1576 4940 quem
1593 4866 1629 4924 ad
1646 4866 1700 4923 boo
1716 4861 1814 4918 docre-

409 4975 478 5024 torn.
516 4968 656 5040 Epistulas
673 4969 747 5024 enim
765 4967 899 5041 piurbnrr
917 4969 1001 5026 etiem
1021 4971 1111 5028 reriur
1128 4973 1207 5029 dotas
1224 4972 1359 5044 suspicor.
