4812 6092
623 833 733 922 Quam
756 833 891 922 quidem
913 833 944 898 si
966 803 1127 918 integram
1149 831 1358 920 probassent,
1382 843 1552 922 totamque
1574 832 1799 920 accepissent,
1832 833 1913 900 artis
1934 831 2083 900 medicae
2104 847 2181 902 ante

623 971 772 1046 tempora
794 958 1017 1025 Alexandrina
1037 958 1227 1044 historiam,
1258 957 1366 1050 qualis
1389 959 1497 1027 adbuc
1518 960 1671 1044 traditur,
1694 967 1841 1026 evertere
1864 957 2059 1026 debuissent
2081 970 2182 1048 atque

624 1085 854 1171 impedimenta
881 1083 994 1170 potins
1024 1085 1229 1169 attulissent,
1265 1107 1364 1176 quam
1392 1093 1617 1174 superassent.
1672 1081 1845 1169 Neglectis
1880 1103 1961 1152 vero
1998 1085 2060 1169 iis,
2095 1107 2181 1174 quae

622 1206 766 1274 lintius
790 1210 973 1292 invenerat,
997 1211 1275 1298 acquiescendum
1288 1212 1471 1295 eratiniis,
1495 1230 1580 1299 quae
1592 1207 1772 1295 superioris
1784 1210 1859 1276 aeui
1870 1209 1974 1277 critici
1984 1225 2180 1298 repererant

624 1331 837 1422 Quotquot*)
861 1335 1155 1422 praeterliukiunr
1177 1340 1219 1405 de
1241 1337 1395 1404 librorum
1405 1335 1711 1422 Hippocratioornm
1734 1335 1923 1402 conditione
1937 1337 2180 1424 quaesiveumt,
2313 1397 2317 1404 .

624 1480 737 1526 eorum
758 1460 889 1547 plurimi
917 1482 1024 1547 pauca
1052 1473 1177 1530 tantum
1200 1462 1323 1548 scripta
1343 1481 1403 1548 pro
1425 1460 1579 1547 genuinis
1606 1457 1804 1541 babuerunt,
1835 1459 1877 1526 de
1900 1458 2020 1548 quibus
2042 1461 2181 1528 dubitari

623 1607 691 1652 non
719 1599 857 1674 posset,
889 1587 955 1654 alia
983 1588 1078 1676 plura
1107 1610 1167 1675 pro
1197 1587 1320 1676 spuriis
1349 1586 1549 1669 reiecerunt,
1582 1583 1687 1652 multo
1716 1596 1826 1652 autem
1854 1584 1992 1672 plurima
2019 1605 2088 1651 non
2115 1587 2182 1654 nisi

625 1723 783 1796 suspecta
806 1726 840 1780 et
862 1714 961 1781 dubia
983 1713 1195 1803 reliquerant,
1218 1726 1255 1782 ut
1276 1709 1373 1779 iidem
1391 1731 1502 1800 neque
1517 1721 1699 1797 praestare,
1720 1731 1830 1798 neque
1843 1709 2001 1796 abrogare
2015 1711 2180 1776 auderent.

623 1836 743 1925 Neque
765 1849 874 1906 tamen
897 1842 1031 1906 omnino
1060 1841 1181 1908 desunt
1202 1837 1293 1920 libri,
1324 1858 1410 1927 quos
1431 1836 1596 1923 genuinos
1624 1857 1715 1920 esse,
1737 1853 1854 1902 omnes
1877 1845 2006 1923 praeter
2027 1834 2178 1902 Linlium

625 1962 820 2029 concedant
870 1963 922 2030 lix
950 1963 1016 2030 boc
1045 1975 1135 2032 statu
1164 1984 1286 2033 causae
1315 1985 1389 2030 cum
1418 1959 1627 2029 manifestrnn
1655 1961 1717 2043 sit,
1755 1981 1853 2050 quam
1881 1958 1968 2027 male
1995 1957 2103 2028 habita
2132 1959 2175 2024 sit

626 2084 733 2167 crisis,
758 2107 823 2173 quo
847 2089 946 2154 modo
969 2089 1043 2156 eius
1066 2091 1150 2157 ratio
1173 2089 1339 2157 emended
1362 2089 1484 2175 possit,
1509 2085 1739 2176 quaerendum.

715 2278 854 2348 Tantma
878 2284 984 2368 abest,
1007 2296 1045 2351 nt
1066 2285 1157 2352 dubii
1180 2287 1279 2354 animi
1301 2284 1358 2352 vel
1381 2286 1585 2372 ignorantiae
1603 2280 1850 2350 consessionem
1872 2293 1973 2372 atque
1994 2281 2182 2349 excusatio·

623 2424 700 2470 nern
723 2407 949 2492 admittamus,
979 2421 1017 2476 ut
1044 2409 1128 2477 illud
1157 2411 1253 2477 crisis
1276 2429 1384 2496 genus
1405 2408 1504 2476 nobis
1526 2408 1659 2475 omnino
1682 2427 1749 2472 non
1772 2403 1933 2488 sufficiat,
1964 2405 2054 2494 quod
2075 2405 2182 2492 signis

626 2541 661 2594 et
683 2534 885 2616 argumentis
910 2534 1089 2617 concludit,
1111 2535 1201 2602 hunc
1222 2534 1339 2601 librum
1362 2555 1440 2601 osse
1463 2532 1685 2620 Hippocratis,
1706 2531 1796 2598 bunc
1818 2551 1897 2598 esse
1918 2550 1987 2596 non
2007 2531 2182 2617 posse.**)

626 2651 694 2719 lmo
717 2651 917 2742 flagitamus,
939 2670 977 2725 ut
999 2661 1166 2745 docentur,
1190 2680 1256 2750 quo
1275 2669 1432 2746 tempore,
1456 2681 1522 2748 quo
1547 2657 1699 2742 consilio,
1723 2655 1841 2724 silleri
1863 2665 1987 2742 potest,
2005 2656 2104 2722 etiam
2118 2675 2183 2744 qua

627 2779 659 2845 in
685 2789 770 2848 terra
792 2783 998 2868 compositus
1027 2786 1072 2851 sit
1101 2788 1242 2874 quisque
1264 2761 1348 2851 liber
1368 2805 1435 2850 non
1457 2785 1631 2871 genuinus.
1677 2783 1726 2848 lta
1748 2782 1877 2848 demum
1893 2779 2076 2867 apparebit,
2100 2801 2182 2868 quo·

625 2906 726 2971 modo
750 2907 993 2992 distinguantm
1016 2908 1137 2994 scripta
1160 2909 1273 2994 spuria
1294 2923 1329 2975 et
1351 2908 1563 2997 supposititia
1577 2909 1618 2974 ab
1633 2907 1711 2990 illis,
1735 2925 1821 2994 quac
1837 2926 1905 2970 non
1924 2905 2067 2970 aucwris
2085 2901 2182 2990 culpa

627 3028 763 3094 nomina
786 3042 905 3116 gerunt
925 3031 1024 3099 falsa.
1069 3031 1176 3099 Multa
1198 3033 1303 3116 enirn,
1334 3055 1420 3123 quae
1442 3035 1552 3100 animo
1580 3033 1710 3100 siucero
1740 3042 1774 3098 ct
1801 3030 1948 3097 veritatis
1971 3029 2081 3095 studio
2105 3049 2183 3094 corr·

627 3153 753 3238 scripta
782 3167 878 3238 suat,
907 3168 945 3222 ut
973 3158 1034 3240 iis,
1064 3158 1121 3244 qui
1150 3158 1296 3242 aegrotis
1325 3158 1447 3224 mederi
1475 3156 1618 3240 vellent,
1648 3157 1801 3224 medendi
1828 3157 1988 3224 rationem
2010 3156 2183 3236 traderent,

630 3287 751 3360 postea
774 3278 900 3344 incuria
924 3281 1064 3368 quadam
1087 3289 1120 3345 et
1143 3279 1286 3362 inscitie,
1309 3301 1395 3362 curn,
1419 3279 1655 3370 quissecissct,
1678 3281 1827 3368 ignotam
1838 3291 1941 3362 esset,
1963 3276 2052 3345 salso
2075 3281 2182 3366 magni

628 3401 800 3488 scriptoris
822 3405 955 3470 nomine
978 3417 1056 3472 sunt
1078 3414 1203 3471 ornata.

715 3579 804 3644 Fieri
827 3582 928 3647 etiam
950 3583 1076 3668 potnit,
1106 3595 1143 3649 nt
1171 3583 1335 3648 eiusmodi
1364 3584 1498 3668 scriptis
1520 3581 1591 3666 illi,
1613 3584 1656 3650 ad
1680 3601 1765 3671 quos
1786 3579 1856 3648 lors
1886 3579 2059 3663 detulerat,
2081 3601 2183 3666 pravo

628 3699 710 3765 lucri
742 3706 854 3771 studio
885 3707 993 3788 ducti,
1022 3729 1144 3776 nornen
1174 3709 1346 3776 clarissimi
1378 3708 1548 3774 cuiusdam
1576 3709 1639 3774 viri
1660 3704 1936 3794 praescriberent,
1965 3717 2002 3771 nt
2025 3725 2044 3770 a
2066 3703 2184 3770 biblio·

626 3825 795 3896 tbecarnm
819 3833 1046 3900 conditoribus
1068 3834 1175 3900 maius
1197 3833 1336 3919 pretium
1359 3832 1556 3917 acciperent.
1601 3831 1772 3900 Eiusmodi
1793 3832 1885 3916 libri,
1916 3834 1972 3922 qni
2003 3855 2024 3900 a
2043 3831 2182 3900 medicis

624 3951 829 4038 Hippocrate
859 3957 1117 4045 antiquioribus,
1150 3955 1206 4023 uel
1237 3958 1269 4022 ei
1292 3955 1505 4045 aequalibus,
1534 3957 1589 4026 vel
1611 3959 1710 4026 etiam
1731 3956 1880 4046 paullum
1900 3969 1981 4024 nata
2002 3957 2182 4026 minoribm

625 4077 705 4142 editi
730 4093 825 4164 sunt,
855 4093 961 4148 auum
990 4081 1195 4169 negligentia
1217 4094 1252 4148 et
1275 4103 1375 4168 casu,
1405 4105 1448 4150 an
1470 4082 1550 4149 dolo
1573 4079 1692 4148 falsam
1714 4082 1961 4171 inscriptionem
1984 4084 2181 4172 acceperint,

624 4215 660 4265 nt
688 4205 920 4291 dispiciamus,
957 4205 1028 4274 sore
1058 4209 1254 4295 sperandum
1283 4230 1351 4276 non
1387 4222 1457 4292 est,
1494 4229 1603 4298 neque
1633 4209 1873 4291 necessarium
1902 4219 2063 4296 auosque
2091 4227 2180 4286 vero,

694 4565 723 4632 ‘)
758 4565 921 4620 Ceterorum
940 4566 1046 4623 indicia
1065 4577 1265 4624 recensuerunt
1281 4577 1310 4624 ct
1325 4583 1406 4623 snam
1430 4575 1548 4640 uterque
1566 4568 1731 4624 sententiam
1750 4567 1920 4625 addiderunt
1937 4567 1965 4621 J.
1985 4569 2018 4622 A.
2037 4565 2182 4622 Fabricios

765 4672 794 4726 ia
820 4673 997 4730 Bibliotheca
1023 4675 1133 4730 Graeca
1156 4675 1221 4732 Voi.
1248 4675 1288 4730 ll.
1314 4691 1342 4746 p.
1366 4677 1421 4730 506
1445 4690 1523 4746 seqq.
1548 4675 1593 4730 ed.
1614 4675 1717 4732 llarlce
1742 4685 1770 4732 et
1797 4677 1863 4732 chr.
1889 4674 2004 4731 Godotr.
2025 4675 2136 4729 Grnner
2152 4675 2180 4728 ia

765 4795 884 4835 censura
903 4781 1036 4838 librorum
1055 4781 1329 4854 Hippocratioorum,
1349 4784 1535 4840 vratisiaviae
1556 4787 1633 4838 17⁷2.

675 4919 726 4990 '')
764 4924 797 4979 id
815 4925 891 4998 qaod
910 4926 1018 4982 editore
1035 4925 1143 4982 studuit
1161 4926 1317 4994 Grunnius,
1333 4927 1381 4998 qui
1400 4926 1547 4983 dubiorum
1567 4927 1698 4983 librorum
1718 4941 1806 4994 mans
1824 4939 1879 4978 noo
1898 4927 2006 4980 statuit.
