4812 6092
1250 661 1471 726 ..14-

587 845 775 958 Septima
802 840 957 930 clasem
991 835 1091 948 (VI)
1135 836 1238 926 Bilis
1265 838 1375 924 flava
1403 849 1446 926 et
1471 839 1575 938 aua,
1603 834 1753 948 pituita
1781 848 1824 923 et
1851 837 2019 952 magus
2047 850 2140 924 cot·

862 993 976 1106 poris
1005 992 1175 1076 humani
1202 989 1395 1077 humores
1424 987 1621 1103 primarii.

807 1147 874 1224 De
901 1145 1058 1224 Natura
1084 1145 1281 1250 Hominis,
1312 1185 1365 1201 -
1403 1137 1469 1222 De
1498 1141 1749 1221 Honoribus.
1794 1187 1845 1200 —
1886 1144 1953 1223 Dr
1987 1120 2146 1222 Natura

809 1289 971 1366 Ossisrm.
1005 1331 1054 1345 -
1089 1288 1155 1365 De
1190 1284 1325 1364 Corda.
1356 1328 1406 1343 —
1436 1287 1502 1363 De
1535 1284 1744 1386 Corporum
1778 1288 1961 1366 Sectionc.
1994 1330 2044 1344 -
2080 1287 2147 1366 De

806 1430 1024 1510 annana.
1055 1471 1107 1486 ·-
1138 1429 1206 1508 De
1241 1429 1350 1508 Visst.
1379 1469 1432 1485 -
1463 1427 1529 1506 De
1553 1427 1758 1508 Alimenta.
1783 1471 1835 1488 -
1864 1427 1931 1505 Dc
1962 1427 2044 1506 Usu
2070 1429 2146 1507 Li-

803 1575 1015 1672 qur'dontm.
1032 1613 1084 1628 -
1101 1570 1168 1648 De
1184 1571 1466 1675 Affectiotts'bus
1480 1572 1662 1650 Interam.
1683 1611 1735 1626 —
1753 1569 1820 1647 De
1837 1569 1991 1648 Morta
2011 1570 2147 1674 Popu-

805 1713 951 1790 laribus
968 1711 1063 1790 tiber
1075 1715 1265 1799 secandas,
1286 1725 1445 1814 quartos
1464 1725 1501 1790 et
1520 1725 1718 1814 sequentes.
1735 1753 1782 1768 -
1803 1711 1870 1790 Dc
1886 1711 2038 1789 Morbis
2054 1712 2147 1790 tiber

805 1856 984 1932 candus
1012 1866 1049 1932 et
1083 1857 1228 1932 terties.
1265 1896 1317 1914 -
1355 1852 1839 1932 Demostratum
1869 1853 1960 1930 libri
1986 1856 2069 1932 duo.
2092 1895 2142 1912 -

806 1997 874 2074 De
907 1994 1064 2072 Nasum
1098 1993 1297 2071 Muliebri.
1327 2035 1380 2054 -··
1409 1994 1475 2070 Ds
1501 1994 1595 2082 His,
1622 2019 1716 2094 quse
1739 1995 1792 2069 od
1822 1992 2021 2093 Virginem
2042 2011 2137 2092 epta·

806 2151 903 2214 tant.
931 2181 981 2194 -
1007 2135 1074 2212 De
1100 2136 1314 2214 Stert'lt'bus.
1339 2178 1391 2194 -
1416 2135 1483 2211 De
1515 2135 1755 2214 Vulneribus.
1774 2175 1825 2192 -
1843 2137 1909 2214 Dc
1936 2137 2142 2212 Iadicutio·

807 2281 927 2356 nibus.
954 2322 1005 2335 -
1030 2277 1097 2354 De
1123 2279 1273 2355 Diebus
1298 2278 1560 2354 Iudicctort's's.

593 2444 756 2527 Octava
781 2438 937 2526 classis.
969 2438 1095 2555 (VII)
1124 2439 1239 2540 Bilis,
1269 2466 1393 2551 aqua,
1422 2437 1569 2548 pituita
1596 2447 1640 2522 et
1667 2437 1831 2550 sanguis
1861 2439 2048 2546 corporis
2076 2437 2151 2523 hu·

1094 2594 1208 2678 mani
1234 2593 1427 2678 humores
1456 2589 1657 2702 primarii.

814 2747 880 2823 De
905 2746 1058 2824 Morbis
1081 2748 1175 2824 liber
1198 2758 1369 2845 quartus.
1394 2787 1445 2802 -
1472 2744 1537 2821 De
1564 2744 1765 2822 (tonitura.
1790 2787 1841 2800 -·-
1867 2743 1933 2820 De
1959 2743 2154 2820 Retreds‘is

813 2886 1097 2988 Purgantidrts.

599 3023 727 3108 Nona
755 3023 909 3108 classis.
943 3025 1040 3134 (IV)
1072 3024 1186 3138 Ignis
1214 3037 1258 3110 et
1283 3055 1394 3135 aqua
1420 3053 1559 3110 rerum
1587 3025 1805 3135 principis.

817 3177 883 3254 De
919 3177 1033 3254 Victa
1059 3179 1246 3255 Sanctum
1271 3176 1363 3253 libri
1389 3189 1474 3253 tros.

687 3361 724 3432 Si
747 3363 834 3432 hanc
855 3363 1010 3432 librorum
1029 3367 1175 3434 tabulam
1188 3368 1412 3453 repetitions,
1435 3379 1472 3433 ut
1482 3379 1619 3454 pateret,
1643 3368 1778 3456 quidde
1793 3385 1905 3432 eorum
1919 3369 2156 3434 consecutione

598 3492 806 3575 sentiremus,
820 3501 929 3558 tamen
940 3493 1085 3559 nondum
1097 3495 1248 3560 omnibus
1261 3493 1402 3580 singulis
1414 3505 1567 3560 accurate
1577 3491 1780 3582 perquisitis,
1793 3492 1826 3556 in
1839 3491 1979 3576 siugulis
1992 3493 2156 3560 classibus

597 3615 702 3681 libros
733 3635 800 3681 non
831 3618 872 3681 ad
902 3617 1059 3701 tenrporis
1090 3618 1265 3684 discrimen
1293 3618 1430 3700 referre,
1460 3620 1585 3684 sodex
1607 3617 1789 3703 argumenti
1811 3617 1937 3682 ratione
1960 3639 2157 3705 componere

601 3741 705 3806 tutius
729 3741 891 3806 dminus.
939 3741 1138 3808 Moncndum
1161 3743 1260 3810 otiam
1283 3754 1347 3824 est,
1369 3763 1436 3808 non
1460 3761 1575 3810 omnes
1593 3741 1788 3826 posterioris
1801 3740 1921 3808 classis
1933 3740 2037 3810 libros
2051 3746 2158 3811 serius

601 3867 700 3936 rideri
718 3866 877 3950 scriptos3
901 3865 971 3934 fieri
983 3869 1070 3936 enim
1081 3867 1197 3953 potuit,
1221 3867 1333 3954 utqui
1354 3867 1460 3932 minor
1483 3879 1575 3934 esset
1595 3877 1688 3949 natu,
1713 3867 1894 3934 doctrinam
1910 3867 2158 3953 amplecteretur

601 3994 827 4082 antiquiorem.
863 3992 1038 4062 Praeterea
1057 3993 1231 4058 tenendtun
1254 4004 1318 4075 est,
1342 3994 1459 4058 eodem
1482 4004 1627 4082 tempore
1650 3993 1761 4082 plures
1784 3991 1938 4060 floruisse
1959 3994 2158 4060 medicorum

602 4117 753 4200 scholes3
778 4119 923 4205 quarein
937 4117 1093 4184 classium
1105 4119 1190 4184 serie
1202 4119 1314 4204 potius
1325 4119 1555 4202 doctrinamm,
1580 4118 1892 4208 quatusiugulorum
1904 4119 2054 4184 librorum
2065 4131 2158 4184 aetas

602 4253 636 4306 et
652 4229 845 4309 consecutio
858 4256 928 4311 erat
940 4230 1156 4311 observanda.
1190 4247 1241 4311 Nc
1254 4246 1294 4311 de
1306 4266 1511 4311 ntunerorum
1533 4265 1598 4310 usu
1609 4243 1787 4310 lectoribus
1807 4244 1965 4310 dubitatio
1985 4245 2158 4326 exoriatur,

603 4369 732 4434 disertis
744 4370 853 4435 verbis
867 4369 1012 4459 eloquor.
1036 4392 1088 4437 mc
1110 4367 1252 4457 posthac
1274 4369 1388 4436 ultima
1411 4365 1540 4436 classes
1558 4365 1748 4435 numerandi
1767 4370 1893 4436 ratione
1918 4371 1958 4435 ad
1979 4381 2159 4454 temporum

604 4491 874 4563 consecutionem
897 4495 1145 4564 accommodata
1168 4506 1246 4562 esse
1269 4512 1412 4562 usurum.

693 4657 775 4724 Cum
799 4677 926 4738 omnes,
951 4677 1036 4743 quos
1059 4657 1302 4738 recensuimus,
1332 4655 1405 4722 libri
1428 4650 1621 4742 Hippocrati
1645 4655 1887 4736 adscribantur,
1916 4666 1955 4721 ut
1976 4656 2019 4720 ad
2042 4667 2160 4722 certam

605 4785 744 4869 quisque
773 4789 915 4847 acutam
942 4781 1055 4848 referri
1084 4778 1209 4868 possit,
1241 4781 1396 4867 temporis
1428 4781 1649 4850 construendi
1668 4775 1915 4850 tundamentum
1936 4780 2061 4847 flmrius
2083 4779 2161 4846 sub·

606 4909 686 4971 strui
709 4927 775 4974 non
798 4915 920 4992 potest,
945 4927 1041 4992 quam
1065 4907 1172 4992 ipsius
1196 4907 1407 4994 Hippocratis
1431 4917 1534 4974 aetas.
1568 4906 1699 4976 Deinde
1708 4919 1886 4992 postquam
1899 4905 2161 4992 cognoverimus,
