4812 6092
629 1885 831 1992 Oun
911 1879 1435 1996 Parnasum
1585 1889 1591 1904 ’

406 2111 610 2195 l’muor..
641 2133 796 2192 caess.
830 2103 880 2190 P.
914 2105 966 2188 P.
997 2105 1056 2188 H.
1089 2105 1142 2187 Α.
1174 2103 1430 2188 Grmussrr
1462 2103 1656 2188 Racron

841 2301 1128 2386 Lucroms
1171 2297 1219 2382 S.

428 2507 487 2626 ln
522 2541 744 2656 publicum
784 2541 1023 2626 emissurus
1051 2537 1167 2624 hunc
1197 2539 1388 2626 indicem
1419 2537 1670 2638 lectionum,
1699 2568 1811 2652 quae

251 2749 277 2806 a
312 2703 552 2836 Gymuaaio
585 2737 733 2808 nostro
762 2721 1031 2810 Academico
1072 2718 1326 2820 offeruntur,
1357 2745 1484 2817 anno,
1519 2719 1637 2831 quod
1667 2718 1812 2818 instat,

249 2887 512 2976 scholastico
553 2888 805 2989 habendae,
852 2890 939 2976 vidi
975 2916 1115 3002 pauca
1151 2917 1247 2976 esse
1277 2916 1405 2988 nova,
1436 2915 1548 3001 quac
1575 2889 1811 2979 memoriae

250 3053 505 3164 proderem,
543 3080 597 3138 ea
623 3065 785 3152 tamem
813 3081 926 3166 quae
954 3053 1124 3166 copiam
1154 3053 1350 3140 lacerant
1376 3051 1563 3142 laetandi
1593 3067 1639 3142 et
1666 3069 1812 3170 gratu-

250 3213 385 3302 laudi.
432 3215 640 3302 Omnium
663 3217 849 3304 maxime
866 3219 1137 3308 delectamur
1155 3220 1456 3309 recordatione
1482 3249 1631 3306 aarum
1651 3250 1810 3320 rerum,

251 3409 358 3493 quas
391 3379 562 3500 collega
597 3379 754 3468 officiis
788 3347 1192 3486 coniunctissimus,
1242 3385 1313 3472 oui
1360 3385 1404 3470 in
1440 3385 1621 3471 rectoris
1655 3414 1810 3474 munus

251 3548 464 3648 succedo,
498 3561 599 3632 ante
635 3547 751 3634 hunc
787 3576 946 3634 annum
982 3549 1147 3650 retulit,
1185 3549 1511 3664 magistratuum
1547 3549 1649 3638 dico
1680 3551 1811 3640 benc·

253 3713 499 3814 volentiam,
527 3741 691 3815 curam,
720 3714 1007 3831 diligentiam,
1037 3715 1193 3799 civium
1213 3715 1372 3816 studia,
1402 3718 1456 3801 ad
1481 3715 1645 3808 litteras
1663 3713 1811 3804 foven-

252 3879 332 3966 das
361 3877 533 3980 collata,
583 3880 743 3964 eximia
789 3897 918 3994 atque
961 3877 1262 3966 liberalitatem
1304 3879 1581 3994 singularem.
1654 3877 1811 3993 Neque

250 4058 440 4130 nostram
475 4045 667 4159 ipsorum
703 4073 879 4160 operam
916 4045 1080 4132 deiecit
1116 4059 1310 4133 aventus.
1378 4044 1597 4132 Numerus
1645 4073 1830 4172 eorum&

251 4209 326 4322 qui
374 4225 488 4296 totos
531 4211 657 4297 nobis
685 4240 733 4296 se
763 4210 1108 4322 indisciplinam
1139 4211 1384 4308 dederunt,
1433 4239 1519 4292 oon
1546 4209 1628 4296 suit
1656 4211 1810 4308 minor,

251 4372 447 4476 illorum,
491 4375 566 4489 qui
609 4376 800 4490 singulas
834 4377 1005 4464 scholas
1046 4375 1220 4490 publice
1257 4375 1423 4462 habitas
1467 4373 1809 4488 frequentarunt,

250 4537 381 4624 ctiam
422 4537 571 4624 maior.
643 4537 737 4625 Nos
777 4540 1152 4655 aegreferentes,
1201 4539 1319 4653 quod
1362 4540 1506 4642 adhuc
1546 4539 1809 4638 deversoriis

251 4719 298 4790 at
326 4705 523 4819 hospitiis
554 4706 762 4794 utendum
791 4723 907 4807 arat,
941 4699 998 4794 ad
1028 4707 1313 4820 frequentiam
1344 4704 1605 4794 discentium
1634 4706 1809 4818 capien-

251 4869 369 4970 dam,
398 4872 654 4960 sustentavit
681 4901 847 4974 eorum,
876 4875 950 4987 qui
981 4904 1034 4959 ea
1062 4887 1380 4972 concesserant,
1411 4871 1605 4970 comitae,
1634 4881 1679 4950 et
1706 4893 1809 4952 con·

1440 5043 1475 5146 ll
