4812 6092
1306 683 1522 752 ..10-

638 863 821 932 morborum
844 863 1022 949 originem,
1051 865 1113 930 sod
1135 867 1177 928 de
1202 865 1325 928 Omina
1346 862 1474 930 Natura
1495 865 1576 930 liber
1606 877 1745 954 quatuor
1773 865 2011 945 elementorum
2037 869 2212 948 rationem

638 989 734 1076 sequi
756 988 884 1054 videtur
905 989 1050 1077 ideoque
1072 989 1106 1054 in
1127 991 1311 1067 mandam
1333 989 1477 1068 classem
1500 1001 1553 1057 est
1574 990 1766 1058 referendus
1821 993 1916 1070 Libri
1938 1013 2018 1069 verp
2040 995 2083 1060 de
2111 995 2212 1070 Victo

638 1115 792 1180 Saserna
820 1129 905 1193 tres,
935 1137 1073 1206 qnorum
1092 1119 1218 1208 primus
1247 1118 1282 1196 ip
1305 1127 1437 1206 quarta,
1473 1119 1639 1186 secundus
1663 1129 1697 1185 et
1718 1122 1832 1188 tertius
1855 1123 1890 1207 in
1913 1125 2062 1206 secunde
2086 1125 2210 1209 classe

637 1253 882 1323 enumerantur,
912 1243 955 1308 ad
983 1255 1132 1315 neumam
1157 1243 1338 1335 pertinent,
1368 1263 1477 1329 neque
1507 1241 1595 1308 alius
1618 1242 1659 1308 ab
1683 1241 1750 1308 alio
1774 1247 1971 1333 seiungendi
1994 1261 2107 1330 erant,
2140 1256 2207 1318 sed

637 1389 712 1433 cum
734 1370 844 1452 ignem
869 1379 902 1434 et
925 1390 1043 1456 aquam
1065 1391 1171 1436 rerum
1193 1366 1355 1454 principia
1377 1377 1513 1452 ponant,
1536 1367 1700 1452 propriam
1723 1367 1866 1435 classem
1890 1370 2035 1441 efficiant
2058 1389 2202 1459 oportet.

637 1492 665 1556 E
689 1494 837 1559 secunda
860 1492 972 1560 classe
994 1507 1164 1579 praeterea
1187 1493 1391 1563 secernenda
1415 1503 1493 1558 sunt
1513 1493 1636 1577 scripta
1648 1491 1787 1580 aliquot,
1812 1517 1897 1584 quae
1912 1509 2052 1585 qnamor
2067 1502 2198 1586 quidem

638 1617 786 1702 corporis
804 1616 938 1683 brunani
956 1617 1118 1686 elementa
1141 1630 1283 1702 sumunt,
1307 1620 1368 1685 sed
1390 1639 1451 1707 pro
1474 1617 1607 1703 duplice
1629 1617 1698 1683 bile
1721 1621 1887 1705 accipiunt
1904 1622 2002 1688 bilem
2017 1634 2053 1688 et
2068 1645 2192 1714 aquam,

574 1785 578 1790 -
640 1743 735 1818 cuius
764 1745 896 1828 generis
919 1756 995 1810 sunt
1018 1745 1098 1808 liber
1119 1759 1249 1830 quartur
1277 1745 1317 1807 de
1339 1743 1462 1808 Morbis
1489 1745 1585 1808 etde
1609 1745 1763 1808 Gaurum
1791 1747 1886 1823 liber,
1917 1745 2039 1835 qudrus
2069 1753 2109 1812 de
2135 1751 2185 1813 lte-

638 1869 749 1932 medit'e
766 1870 972 1954 precantibus
995 1873 1076 1967 (pepi
1096 1865 1276 1968 puppim)
1298 1871 1379 1941 liber
1401 1889 1421 1935 a
1442 1868 1565 1943 Linkio
1587 1870 1838 1960 praetermissus
1861 1874 2000 1961 secedit.

727 1991 778 2058 Ex
801 1997 914 2060 eadem
938 1994 1047 2060 classe
1070 1994 1104 2058 in
1128 1997 1305 2065 secundam
1327 1995 1543 2075 transferendi
1566 2005 1644 2060 sunt
1673 1997 1714 2058 de
1736 1997 1858 2061 Morbis
1886 1998 1966 2061 b'ber
1996 2005 2114 2082 μὴν,
2143 2003 2181 2060 νίν

639 2119 873 2200 effectionibus,
907 2123 948 2184 de
970 2119 1277 2202 nomismatibus,
1306 2123 1348 2184 de
1369 2121 1508 2193 distulis,
1536 2122 1577 2182 dc
1610 2119 1700 2184 Victo
1728 2121 1859 2184 Sabtbri
1885 2134 1985 2210 atque
2015 2127 2055 2186 de
2083 2123 2178 2188 rllorbo

639 2247 740 2310 Sacro
770 2247 853 2325 libri,
887 2248 1006 2334 quibus
1036 2246 1198 2324 accedunt
1231 2243 1278 2322 ilfi
1312 2247 1353 2310 dc
1374 2245 1537 2318 ίιιννννννϋν
1564 2247 1649 2330 (περὶ
1678 2247 1859 2328 ἐνυπνίων),
1890 2248 1931 2309 de
1953 2247 2081 2310 intortio
2110 2253 2187 2332 (napi

638 2375 761 2457 μανίης)
785 2384 885 2460 atque
908 2375 948 2436 dc
970 2376 1093 2436 veratri
1113 2393 1168 2432 cett
1196 2371 1282 2474 (ντερὶ
1302 2369 1542 2456 ἱλλεβορνσμοῠ).
1590 2369 1688 2432 Liber
1717 2369 1858 2456 denique
1888 2373 1929 2432 de
1951 2371 2077 2435 Notus-n
2104 2381 2194 2460 pueri

639 2497 837 2582 singularem
861 2496 994 2564 exhibet
1017 2509 1049 2563 et
1072 2497 1221 2582 stirpium
1245 2506 1279 2560 et
1300 2503 1434 2561 naturae
1461 2491 1625 2560 humanae
1653 2495 1822 2577 rationem,
1852 2497 2013 2584 siquidem
2045 2499 2194 2583 accipere

639 2620 768 2686 videtur
784 2626 899 2690 nescio
925 2625 1013 2710 quod
1035 2643 1139 2688 rerum
1161 2619 1366 2707 principium,
1391 2638 1431 2682 ex
1456 2638 1533 2703 quo,
1556 2629 1593 2684 nt
1614 2621 1717 2704 prima
1739 2619 1909 2704 elementa,
1933 2621 2079 2688 oriuntur
2102 2625 2195 2709 spiri-

639 2757 694 2810 tus
718 2749 866 2833 (πνεῦμα)
890 2761 923 2815 et
945 2750 1052 2836 liquor
1070 2741 1193 2834 (leptis)
1217 2747 1260 2814 ad
1283 2741 1432 2828 singulas
1454 2763 1507 2810 res
1523 2746 1727 2828 generandas
1745 2757 1834 2832 epta.
1879 2746 1931 2813 Ex
1954 2749 2073 2814 ceteris
2096 2747 2194 2815 huius

640 2867 760 2936 classis
789 2871 881 2938 libris
909 2874 1038 2960 plurimi
1068 2883 1207 2960 quatuor
1240 2869 1431 2956 qualitamn
1467 2869 1646 2934 doctrinam
1680 2872 1786 2956 magis
1823 2873 1961 2938 obscure
1997 2872 2195 2960 significant,

640 3015 737 3080 quam
760 2999 895 3064 disertis
917 2999 1025 3064 verbis
1049 2997 1231 3077 declarant,
1262 2994 1383 3082 quibus
1405 3005 1532 3079 praeter
1554 3014 1645 3078 eum,
1675 3017 1772 3081 quem
1801 2997 1868 3062 diri
1898 3019 1916 3063 e
1946 2998 2060 3089 quinta
2088 2997 2195 3065 classe

639 3117 705 3186 buc
728 3141 805 3187 esse
829 3123 1102 3206 transferendum,
1132 3123 1333 3188 adnumerari
1362 3131 1504 3207 possunt
1531 3123 1571 3182 dc
1600 3121 1785 3186 Rumoribus
1807 3122 1890 3206 (περί
1909 3121 2037 3208 χυμῶν),
2066 3124 2107 3185 de
2134 3123 2196 3186 b'su

644 3246 845 3328 Liquidumst
864 3253 948 3336 (περί
969 3251 1069 3335 ὑγρῶν
1088 3243 1237 3336 χρήσιος),
1260 3250 1302 3312 de
1315 3245 1563 3312 lodtmttontbce
1577 3245 1660 3332 (περί
1682 3246 1832 3334 nmmos),
1855 3244 2026 3308 chiebue
2035 3247 2195 3311 Judicoto

640 3374 698 3434 νίίν
727 3375 811 3460 (περὶ
832 3373 1002 3460 κρισίμων),
1031 3375 1073 3438 de
1095 3371 1264 3441 Statttbrc
1286 3374 1370 3458 (περί
1391 3364 1528 3458 boticem)
1562 3381 1660 3458 nique
1688 3371 1729 3432 de
1760 3367 1930 3452 Corporum
1958 3375 2096 3432 sectione
2125 3372 2199 3432 libri

641 3499 725 3581 (περί
752 3495 930 3578 ἀνατομῆς).
988 3498 1025 3562 1η
1053 3498 1157 3582 prima
1194 3498 1334 3593 denique
1364 3495 1473 3562 classe
1502 3495 1677 3560 discrimen
1711 3503 1764 3556 est
1797 3491 1983 3558 laciendum
2019 3495 2102 3560 inter
2136 3516 2196 3560 eos

640 3619 754 3701 libros,
784 3623 839 3705 qui
868 3621 966 3688 bilem
995 3633 1028 3686 ct
1055 3623 1207 3708 pituitam
1235 3622 1407 3688 morbosos
1437 3621 1583 3704 corporis
1611 3616 1766 3683 humores
1788 3628 1926 3702 ponunt,
1961 3639 2099 3704 quorum
2123 3619 2195 3705 ipsa

640 3741 744 3820 fluxio
761 3745 895 3822 morbos
918 3745 1051 3828 efficiat,
1073 3757 1172 3832 atque
1196 3767 1268 3827 eos,
1291 3747 1349 3831 qui
1370 3745 1468 3812 bilem
1490 3755 1525 3808 et
1546 3743 1696 3828 pituitam
1716 3741 1880 3811 naturales
1901 3741 2025 3810 babent
2048 3747 2195 3830 corporis

642 3881 765 3958 partes,
789 3891 924 3958 quarum
946 3873 1037 3938 varia
1065 3870 1256 3956 temperatio
1287 3890 1457 3955 corporum
1487 3879 1520 3934 et
1547 3869 1725 3935 animorum
1755 3866 1976 3934 diversitatem
2007 3873 2196 3952 constituat,

641 3997 784 4064 secretio
814 4018 906 4079 vero,
930 3999 960 4064 si
989 3995 1167 4071 fluxionem
1195 3996 1375 4068 naturalem
1408 3996 1582 4081 sanguinis
1611 3991 1812 4078 aliorumque
1840 3991 2003 4076 liqcomm
2032 3993 2198 4080 impediat,

641 4123 830 4193 morborum
860 4121 918 4189 fiat
946 4143 1058 4202 cause.
1109 4125 1192 4193 Eius
1221 4123 1351 4209 generis
1380 4133 1458 4190 sunt
1494 4133 1601 4188 cetera
1628 4117 1726 4187 buius
1762 4117 1882 4189 classis
1918 4119 2040 4203 scripta
2072 4129 2200 4204 praeter

644 4243 887 4313 Praetura-on
910 4249 1020 4316 libram
1043 4255 1186 4332 pnbmou,
1211 4248 1332 4315 Coum
1359 4249 1599 4314 Prorootionre.
1629 4265 1766 4334 quorum
1793 4245 1836 4311 ad
1864 4245 2022 4313 rationem
2043 4245 2199 4332 quodam·

642 4373 742 4443 modo
765 4373 894 4442 accedit
915 4375 957 4438 de
977 4373 1074 4441 Loco
1095 4380 1128 4438 ίνι
1148 4377 1280 4443 nonna
1303 4376 1391 4440 liber.

730 4499 847 4586 ltaque
869 4501 959 4568 iusto
971 4500 1146 4569 divisionis
1155 4500 1316 4586 principio
1334 4499 1513 4567 constituto
1537 4497 1693 4569 classim
1705 4498 1897 4578 ctordinpm
1914 4495 1996 4564 ratio
2021 4495 2082 4563 erit
2098 4493 2197 4560 baec:

647 4623 820 4716 Primos
846 4627 970 4724 ordo,
1002 4623 1223 4724 librorum,
1258 4625 1331 4737 qui
1364 4655 1390 4709 a
1423 4653 1565 4710 rerum
1596 4621 1818 4735 principiis
1849 4619 2195 4733 proficiscuntur.

756 4771 898 4858 Prima
925 4771 1078 4858 classis.
1137 4776 1222 4859 Aer
1249 4805 1386 4862 rerum
1415 4774 1677 4886 principium.

861 4927 928 5006 Do
954 4927 1142 5007 Ftattbo.
